4992 6138
445 451 540 592 ,¹26
857 509 1136 585 cenom
1188 506 1466 585 ttenlttt
1519 511 1827 598 uterer,

500 698 688 794 probetur,
719 697 799 791 quie
832 697 1012 768 cerebrum
1036 708 1072 764 et
1100 693 1252 764 medulla
1278 691 1421 788 spinalis
1445 691 1484 762 in
1509 694 1759 764 Testudiuibus
1792 713 1861 764 non
1887 693 2030 786 emplius
2054 697 2098 764 iu·
2123 717 2192 764 une

503 810 595 879 liner
614 827 709 880 recte
726 815 810 880 sitae
829 823 934 890 sunt;
961 826 1041 872 nam
1067 803 1218 872 medulla
1244 804 1385 900 spinalis
1412 802 1607 898 descendit·
1619 820 1658 873 ιιι
1677 805 1739 874 liat
1765 803 1915 874 medulla
1930 805 2137 894 oblungeta,
2158 821 2196 874 et

502 923 655 992 medulla
673 922 857 1009 oblocgeta
877 941 994 986 rureue
1010 913 1191 986 adscendit
1207 931 1379 984 croceum
1405 918 1570 1006 praebeat
1593 917 1800 1010 pedunculis
1827 917 1988 1003 cerebri,
2012 940 2100 1008 quea
2123 937 2191 1012 pe·

503 1034 654 1104 duncula
675 1035 779 1104 etiem
800 1031 858 1098 bic
877 1029 916 1098 in
938 1027 1064 1099 lobulie
1082 1027 1442 1100 enticisevaneeeunt.

545 1147 659 1215 Messe
689 1143 811 1236 prime.
855 1143 1031 1209 Constate
1052 1139 1186 1208 duobus
1209 1137 1370 1226 gcngliis,
1394 1139 1614 1206 commissura
1636 1139 1832 1226 conjunctis
1851 1186 1862 1219 ,
1886 1159 2035 1231 quorum
2053 1151 2192 1206 utrum-

504 1281 571 1347 que
598 1256 693 1324 sulco
711 1279 816 1349 supra
830 1271 865 1323 et
884 1255 975 1322 inlre
999 1255 1186 1346 conspicuo
1202 1250 1239 1318 in
1262 1249 1349 1318 duee
1370 1269 1485 1338 pertes
1510 1247 1699 1318 dividiture
1725 1275 1804 1338 pars
1831 1253 1985 1321 anterior
2006 1249 2119 1320 minor
2141 1266 2191 1318 eet

504 1389 607 1460 qoam
635 1365 911 1459 parsposterior
934 1367 1024 1452 (t),
1048 1379 1084 1430 et
1112 1361 1179 1428 bae
1204 1361 1241 1424 ic
1263 1381 1302 1424 re
1328 1380 1409 1426 curn
1435 1361 1541 1428 lisooe
1573 1357 1682 1426 Lucio
1711 1362 1931 1429 conveniunt.
1978 1366 2068 1431 Tota
2089 1383 2194 1431 massa

503 1482 563 1546 hic
581 1478 708 1554 etiam,
726 1490 766 1540 ιιι
792 1475 830 1539 in
859 1473 972 1560 primo
992 1472 1134 1556 ordine,
1157 1471 1303 1540 maxime
1328 1485 1401 1552 eet3
1427 1465 1522 1559 qnod
1552 1481 1673 1556 typum
1690 1472 1795 1557 magis
1813 1473 2007 1562 perlectum
2027 1472 2190 1544 denotata

504 1590 615 1657 lorma
637 1587 738 1652 etiem
765 1582 868 1652 ovalis
890 1601 956 1652 cst.
1006 1587 1048 1652 Ic
1078 1599 1228 1676 utroque
1256 1579 1391 1670 genglio
1416 1579 1514 1646 adest
1542 1576 1776 1658 ventriculus,
1808 1597 1848 1650 nt
1876 1585 1914 1650 in
1941 1587 2065 1657 ordine
2094 1607 2195 1681 pree·

506 1696 672 1780 cedente,
695 1694 756 1763 ced
776 1709 908 1761 tantum
928 1693 966 1759 in
993 1711 1091 1786 perte
1109 1697 1170 1765 illa
1196 1693 1403 1788 posteriori,
1429 1689 1538 1758 forme
1570 1704 1610 1755 ut
1635 1687 1673 1755 ic
1698 1689 1824 1781 Raris,
1858 1717 1983 1790 corptn
2014 1698 2119 1766 etiem
2143 1717 2199 1764 re·

505 1809 640 1900 peritur
655 1807 692 1874 in
714 1805 849 1890 londo,
885 1803 1053 1892 analogon
1076 1807 1216 1902 corpori
1237 1805 1381 1883 stricto.
1414 1829 1434 1873 e
1463 1828 1533 1896 quo
1559 1800 1670 1868 libres
1700 1802 1862 1876 redietim
1892 1821 2029 1876 exeunt·
2087 1803 2198 1874 eden

507 1915 683 2010 quoddam
700 1914 870 2008 speciale,
892 1937 1017 2006 nempe
1040 1914 1174 1984 lamella
1187 1915 1406 2002 medullaris,
1429 1935 1504 1986 orta
1523 1941 1544 1985 e
1565 1913 1718 2000 margine
1732 1913 1870 1986 interne
1892 1919 2046 2010 corporis
2064 1917 2198 1999 striati,

507 2035 665 2123 superius
689 2023 834 2098 tendens
857 2041 893 2092 et
910 2025 1020 2095 libere
1046 2027 1205 2094 desinens
1223 2028 1261 2094 in
1287 2027 1457 2118 superiori
1484 2045 1584 2120 perte
1604 2025 1682 2112 (a)
1706 2027 1900 2100 ventriculi.
1946 2033 2038 2102 llaec
2064 2029 2198 2101 lamella

508 2143 580 2210 sere
598 2156 707 2208 totum
726 2132 956 2207 ventriculum
980 2137 1159 2229 adimplet.

551 2255 663 2322 Messe
694 2243 856 2319 secunde.
910 2243 957 2308 Ut
987 2251 1025 2316 in
1060 2251 1187 2328 lionis,
1219 2248 1399 2318 eduobus
1436 2249 1594 2338 pertibus
1635 2266 1821 2332 conetense
1852 2255 1964 2342 prime
1996 2252 2076 2340 (5)
2116 2275 2197 2342 pers

507 2366 669 2460 exprimit
687 2361 849 2432 thalamos
876 2380 1061 2430 nervorum
1086 2363 1280 2452 opticorum
1308 2363 1377 2432 sive
1405 2359 1537 2449 ganglia
1569 2359 1944 2456 becmispbaeriorum3
1977 2381 2058 2436 eunt
2087 2361 2199 2435 eclide

391 2559 396 2572 Ι
507 2495 550 2545 ιιι
569 2480 605 2545 in
626 2476 743 2544 Raris.
787 2469 968 2558 Secunde,
991 2470 1124 2542 lobuloe
1159 2474 1293 2566 cpticoe
1324 2477 1544 2564 exprimere,
1572 2475 1612 2543 in
1637 2471 1887 2542 Testudinibus
1913 2496 1958 2542 ex
1981 2494 2052 2544 uuo
2068 2475 2201 2566 geeglio

506 2607 659 2674 constat,
684 2587 780 2656 sulco
800 2587 837 2652 in
855 2585 938 2652 duas
961 2601 1074 2672 partes
1093 2584 1252 2672 gengliou
1278 2585 1424 2654 divionna
1437 2603 1516 2672 est,
1545 2587 1638 2656 intur
1660 2607 1803 2657 cavcme
1826 2587 1942 2656 sedin
1961 2589 2104 2660 cavitate
2122 2611 2197 2658 uon

506 2704 634 2770 adsunt
646 2700 709 2768 alia
726 2696 857 2787 ganglia
872 2713 911 2764 ut
931 2698 967 2764 in
988 2697 1210 2786 praecedenti
1228 2695 1374 2785 ordine,
1397 2699 1506 2770 lorme
1526 2699 1628 2788 igitur
1651 2721 1730 2768 cum
1746 2697 1840 2790 llajie
1867 2723 1910 2770 ex
1930 2699 2053 2773 ordine
2074 2700 2201 2774 Clron·¹

508 2813 828 2908 deropterygiorum
849 2809 1020 2878 convenit.

551 2925 664 2994 Macer
696 2923 807 2989 tertia.
850 2921 1067 3011 Quamquam
1093 2924 1162 3011 jam
1193 2920 1366 3004 vidimus,
1396 2937 1518 3014 typum
1541 2921 1783 3016 perfectiorem
1811 2943 1884 2992 eece
1916 2925 1954 2994 in
1987 2923 2197 2996 Testudini-

507 3037 573 3104 bus
595 3033 688 3127 quod
716 3034 759 3103 ad
782 3057 925 3104 massam
944 3036 1109 3124 primam,
1131 3035 1254 3102 clerice
1276 3032 1343 3102 boc
1369 3051 1511 3125 apparet
1538 3037 1648 3104 maeel
1672 3035 1789 3102 tertii·
1831 3035 1962 3104 Revera
1986 3039 2199 3110 cerebellum

509 3149 623 3219 adhuc
638 3165 690 3216 est
709 3146 841 3216 lamella
862 3145 1079 3222 medullaris,
1102 3144 1163 3213 sed
1186 3142 1308 3228 majori
1325 3147 1560 3230 magnitudine
1583 3146 1689 3212 habet
1711 3143 1857 3214 tormen
1876 3147 2090 3237 aigmoidwn
2106 3153 2193 3240 (a),

506 3262 554 3329 ita
572 3278 610 3328 ιιι
633 3259 844 3331 ventriculus
865 3279 1007 3352 quartus
1023 3261 1059 3326 in
1079 3271 1260 3324 curvatura
1278 3255 1429 3324 ”wude
1448 3257 1608 3328 cerebelli
1631 3258 1764 3326 desim
1782 3259 1862 3348 (4).

2123 3373 2200 3462 lly-

541 3513 596 3591 (ι)
612 3511 812 3593 liancperteru
830 3513 1016 3592 posteriorem
1028 3510 1094 3570 dicit
1107 3509 1156 3568 co
1167 3515 1323 3585 vieriue,
1346 3512 1376 3571 iu
1386 3514 1469 3572 enat
1479 3511 1600 3592 comp,
1622 3529 1683 3572 esse
1692 3509 1925 3594 haemisphaertis
1941 3516 2095 3595 analogum.
2124 3518 2199 3580 Ver·

507 3611 546 3672 ba
564 3611 640 3670 enim
658 3611 780 3670 auctoris
797 3619 883 3670 sunt:
915 3604 1064 3664 «nauata
1093 3613 1186 3662 tortue
1203 3607 1245 3666 lee
1260 3609 1448 3682 temtspttm
1463 3615 1595 3686 forment
1624 3628 1662 3668 un
1687 3611 1774 3670 cocle.
1817 3611 1891 3671 leur
1920 3612 2010 3690 partie
2039 3617 2197 3674 anteritate

508 3718 552 3764 est
569 3707 686 3784 separer
704 3706 740 3764 de
758 3707 786 3766 le
802 3706 977 3784 postcrieure
993 3721 1046 3780 par
1063 3721 1103 3759 un
1119 3702 1201 3760 eillou
1221 3713 1251 3762 et
1274 3703 1437 3780 represents
1453 3720 1510 3760 une
1526 3703 1628 3781 cepere
1651 3703 1687 3760 de
1704 3703 1810 3776 bulbe,
1832 3707 1881 3782 qni
1906 3719 1964 3764 sert
1978 3713 2198 3769 commedere·

509 3800 575 3858 ciue
589 3819 645 3858 eux
660 3801 738 3861 nerle
761 3799 888 3860 ollaotile.
924 3799 967 3858 Ce
991 3795 1078 3856 bulbe
1094 3808 1138 3857 eet
1163 3799 1231 3856 trois
1258 3799 1312 3858 lois
1337 3801 1465 3858 moindre
1490 3813 1546 3872 que
1569 3797 1802 3870 l’letmr'splrlre.”
1836 3797 1913 3854 Dona
1932 3798 1960 3855 iu
1985 3801 2108 3874 piscibus
2124 3825 2199 3864 roae.

508 3913 569 3952 scm
587 3897 740 3954 secundm
757 3896 823 3954 dicit
840 3913 901 3954 esee
925 3892 1154 3971 baemiepberia,
1180 3911 1240 3950 non
1265 3903 1375 3950 tautum
1391 3893 1420 3950 iu
1438 3907 1525 3969 opere
1543 3889 1656 3966 specieli
1673 3890 1709 3947 de
1738 3889 1880 3962 Piscibus,
1898 3891 2049 3953 sedetiam
2066 3897 2096 3956 in
2113 3903 2198 3960 Anat.

507 3986 609 4065 comp.
624 3999 722 4052 torna
747 4009 803 4067 peg
827 3993 885 4053 stt.
911 3991 985 4066 Ergo
1002 3989 1032 4046 in
1050 3989 1164 4048 duabus
1179 3988 1289 4066 peginis
1307 3987 1428 4046 merisne
1445 3986 1526 4045 adest
1542 3987 1726 4046 contradictio
1743 3987 1827 4062 bujue
1845 3987 1897 4048 virl
1915 3993 2099 4068 segreiseimil
2124 3999 2198 4060 Nam

509 4094 586 4141 certe
603 4101 661 4144 nou
679 4082 707 4142 ei
724 4087 754 4144 io
770 4095 895 4144 mentem
911 4083 990 4146 venit
999 4126 1009 4158 ,
1026 4085 1148 4163 primaru
1164 4086 1238 4144 benc
1254 4101 1373 4144 mosem
1390 4083 1420 4140 in
1439 4079 1597 4158 Amphibiis
1613 4095 1678 4138 cum
1695 4101 1785 4144 ιιιιειιι
1801 4084 1923 4143 secunde
1950 4089 2198 4173 pindummp„

509 4195 573 4235 rare
585 4187 615 4233 et
627 4178 738 4238 eaedem
752 4177 845 4236 dicere
856 4189 968 4256 partes,
990 4201 1162 4259 quanrquens
1174 4177 1271 4260 incipit
1287 4179 1423 4250 dicendo,
1443 4176 1512 4234 eles
1529 4175 1648 4234 couches
1658 4175 1789 4252 optiquee
1806 4189 1872 4236 sont
1887 4179 1996 4257 pluteos
2014 4186 2137 4248 derriere
2154 4189 2197 4248 les

512 4273 713 4351 hemispheres
731 4283 762 4332 et
777 4277 845 4333 n’en
862 4285 927 4332 sont
943 4275 1025 4351 point
1052 4287 1235 4337 mortemer.
1247 4278 1265 4305 ''
1300 4275 1352 4332 Ubi
1372 4285 1440 4332 tunc
1456 4273 1535 4332 adest
1561 4289 1652 4329 massa
1670 4272 1761 4349 primu
1777 4275 1896 4353 piscium
1913 4283 1942 4338 in
1959 4279 2117 4342 cheloniis?
2151 4285 2199 4346 en

509 4367 605 4426 forsan
622 4387 679 4430 uon
697 4371 833 4431 adesset?
844 4389 887 4428 cn
905 4378 1031 4448 pareest
1048 4370 1198 4444 adjuncta,
1214 4371 1348 4448 propria,
1366 4369 1395 4426 in
1410 4365 1526 4426 cerebro
1542 4364 1681 4443 piscium?

544 4467 598 4540 (a)
622 4467 755 4540 Carus,
771 4461 902 4542 Verecch
918 4473 974 4522 etc.
988 4483 1052 4543 pag.
1072 4471 1147 4540 rte„

545 4565 601 4637 (3)
624 4565 676 4623 uic
692 4563 777 4622 etiam
794 4563 875 4620 adest
890 4560 1022 4638 gangliou
1039 4579 1056 4616 a
1074 4561 1167 4618 Caro
1183 4559 1283 4622 zobel
1297 4570 1446 4630 vocatumt
1463 4561 1587 4638 poeitnm
1608 4571 1652 4621 est
1669 4565 1697 4620 lo
1715 4572 1840 4640 puncto,
1860 4557 1908 4616 ubi
1930 4560 2005 4620 linea
2022 4572 2196 4633 transverw

509 4655 545 4716 lis
563 4657 636 4714 iuter
664 4675 785 4716 rumam
812 4657 932 4734 primam
958 4663 988 4714 et
1018 4655 1190 4732 secuudum
1222 4656 1326 4715 lineam
1354 4657 1431 4716 secat
1450 4655 1706 4736 longitudiualeru,
1736 4671 1809 4729 quae
1831 4641 1951 4716 nassau
1968 4657 1999 4716 in
2016 4661 2086 4724 dnae
2102 4679 2198 4747 pute.

510 4750 620 4810 dividit.

544 4849 598 4923 (e)
623 4841 813 4907 Covierice
841 4847 926 4906 etiarn
948 4848 1004 4908 boe
1033 4847 1248 4918 animadvertit,
1277 4849 1328 4907 sed
1345 4849 1431 4911 dicits
1451 4873 1465 4908 s
1482 4849 1522 4910 Le
1539 4849 1697 4927 quatrieme
1723 4845 1876 4910 ventricule
1899 4849 2017 4928 pdnltre
2037 4871 2113 4917 um
2130 4855 2200 4921 deu

506 4964 562 5008 son
579 4943 760 5030 spernens-’3
794 4939 878 5020 Quod
894 4940 967 5006 mibi
982 4939 1077 5012 minue
1093 4953 1171 5004 recle
1190 4943 1312 5010 videtur.
1751 4943 1754 4948 '
