4992 6138
459 455 500 528 aa
818 447 1102 524 ca-uocr
1154 445 1431 522 staurus
1482 449 1791 542 cunrat,

458 632 543 704 culis
567 635 712 708 internis
738 633 895 703 maxillis
918 625 1100 702 descendit
1125 648 1161 702 st
1180 646 1233 701 sat
1256 633 1325 704 cito
1351 630 1388 700 in
1411 651 1522 702 ramos
1549 633 1634 704 duos
1666 635 1788 728 (Τὼ.
1809 657 1854 708 sa·
1898 637 2058 729 'range
2082 653 2149 733 ru)

457 771 530 818 sese
558 747 712 833 diridit3
748 769 835 814 unus
870 769 984 816 ramus
1015 745 1192 838 procurrit
1219 746 1261 814 in
1291 745 1444 833 margine
1475 747 1664 836 superiori,
1700 751 1745 819 ad
1768 750 1986 820 anteriorem
2000 767 2148 844 ·partem

458 859 637 945 maxillae,
660 876 696 927 et
718 883 754 928 cs
775 861 890 949 ipsum
911 860 1020 927 intrat
1043 859 1087 926 a'd
1112 856 1254 926 dentem
1282 857 1486 928 anteriorem
1508 876 1672 948 'sextum3
1705 860 1791 929 alter
1817 884 1931 931 ramus
1961 863 2148 936 descendit

456 975 555 1060 juxta
578 973 766 1058 marginem
783 972 1008 1053 inferiorem,
1031 971 1096 1039 serl
1123 987 1307 1062 antequam
1326 971 1378 1038 ibi
1402 975 1602 1066 perteniat,
1624 973 1688 1042 snb
1714 974 1895 1043 ossiculum
1914 975 2044 1046 lot-mee
2068 994 2146 1047 tra·

456 1083 596 1154 baculas
628 1086 902 1170 transgreditur,
933 1101 973 1152 nt
1005 1085 1098 1152 funis
1125 1085 1256 1153 circum
1281 1082 1490 1169 troebleam3
1522 1087 1584 1177 qui
1604 1087 1816 1155 decurrendi
1834 1084 1957 1158 modus
1974 1087 2016 1157 in
2035 1110 2147 1160 nerto
2200 1146 2205 1154 .

455 1197 503 1264 iu
525 1196 630 1262 mirus
656 1213 728 1280 est,
750 1211 789 1264 ut
810 1199 960 1265 nesciam
979 1222 1024 1265 an
1046 1197 1129 1264 alibi
1150 1195 1258 1263 simile
1279 1195 1367 1288 qnid
1386 1197 1564 1290 bucusque
1580 1214 1760 1287 repertum
1779 1199 1835 1266 slt.

497 1307 565 1375 Hic
586 1325 728 1375 truncus
755 1310 865 1394 major
882 1309 998 1398 plures
1018 1329 1129 1374 ramos
1149 1312 1217 1396 (1)
1247 1310 1342 1393 edit,
1374 1310 1497 1402 quiin
1528 1309 1689 1379 musculis
1708 1311 1926 1401 ·opercnlum
1952 1312 2147 1400 tegentibus

456 1441 529 1487 sese
551 1417 788 1486 distribuunta
812 1441 923 1503 unus,
956 1419 1018 1509 qui
1038 1419 1103 1485 sub
1137 1439 1210 1487 csse
1231 1417 1373 1486 frontali
1405 1421 1593 1510 posteriore
1625 1421 1739 1490 tendit
1768 1423 1812 1490 ad
1847 1423 2009 1513 angulum
2035 1447 2144 1515 supe*

456 1531 579 1599 rioretu
607 1532 689 1599 ossis
713 1529 922 1622 opercularis
939 1549 975 1602 et
996 1558 1140 1605 massam
1156 1535 1266 1623 ipsam
1284 1553 1412 1600 osseam
1427 1533 1548 1600 intrat.

920 1903 1002 1976 Par
1027 1913 1212 1978 sextum.
1260 1897 1433 1979 Nervus
1457 1899 1697 1978 abducens.

499 2094 604 2162 Nervi
622 2091 834 2162 abducentes
851 2091 1074 2162 insertionem
1088 2091 1222 2160 babent
1234 2092 1274 2159 in
1293 2092 1477 2180 superficie
1502 2091 1666 2161 inferiore
1690 2089 1861 2160 medullae
1891 2087 2093 2176 obturatus
2110 2105 2147 2159 et

457 2203 597 2296 quidem
625 2203 663 2270 in
689 2206 893 2293 corporibus
914 2202 1184 2294 pyramidalibns
1223 2202 1339 2290 (Tab.
1356 2226 1387 2272 ι.
1415 2203 1489 2291 Fig.
1508 2224 1539 2273 α.
1560 2203 1641 2292 d.)a
1674 2205 1713 2271 in
1742 2201 1817 2270 basi
1842 2201 1952 2268 cranii
1972 2203 2091 2288 jacent
2110 2205 2147 2272 et

456 2319 558 2383 sicin
573 2315 646 2381 lere
664 2333 793 2383 rectam
816 2315 942 2384 lineam
961 2315 1133 2383 anteriora
1153 2335 1268 2384 versus
1287 2316 1458 2400 tenduntg
1482 2339 1501 2385 e
1522 2315 1663 2386 cavitate
1687 2315 1797 2382 cranii
1825 2329 1953 2382 exeunt
1970 2337 2037 2404 per
2059 2314 2151 2386 alam
2207 2373 2211 2384 .

454 2450 597 2518 parram
633 2425 859 2518 sphaenoidei
893 2443 929 2496 et
956 2427 995 2496 in
1029 2428 1175 2497 cavitate
1206 2425 1331 2513 oculi,
1369 2428 1408 2498 in
1444 2427 1598 2499 musculo
1638 2425 1827 2496 abductore
1861 2447 1934 2496 sese
1969 2421 2155 2496 distribuit

456 2561 613 2631 qunque.

1247 2653 1279 2740 a.
1324 2648 1387 2718 r..

764 2833 846 2907 Par
870 2835 1125 2936 septimum.
1172 2833 1209 2910 N
1217 2863 1349 2916 ersus
1373 2835 1846 2936 Gloasopbaryngcna.

499 3027 552 3094 Ita
585 3041 683 3094 vocat
711 3026 952 3094 Cuvierius
982 3051 1047 3116 par
1072 3049 1256 3098 neruorum
1282 3045 1361 3097 ante
1383 3047 1525 3116 vagum3
1558 3027 1654 3093 ostiis
1681 3046 1806 3114 nempe
1832 3020 2021 3094 similitudo
2040 3021 2154 3114 hujus·

455 3145 549 3235 paris
575 3139 653 3209 cum
681 3139 758 3230 pari
785 3135 1096 3228 glossoplraryngeo
1113 3141 1152 3210 in
1171 3142 1432 3219 Mammalibus,
1461 3156 1542 3207 ante
1568 3160 1691 3226 vagum
1718 3152 1859 3227 etpost
1889 3135 2079 3207 senticum
2105 3137 2145 3204 in

455 3247 607 3319 medulla
624 3248 828 3336 oblongata,
849 3250 900 3318 illi
919 3273 1026 3319 nervo
1045 3251 1112 3321 boc
1140 3275 1266 3322 nomen
1296 3250 1412 3322 dedita
1440 3247 1579 3316 aliunde
1604 3245 1701 3314 nullo
1723 3246 1827 3315 modo
1850 3247 2018 3316 decursus
2044 3247 2147 3320 nenti

456 3360 754 3450 glossopbaryngei
777 3361 815 3428 in
833 3365 941 3431 Esoce
965 3385 1044 3430 cum
1068 3363 1217 3432 decursu
1238 3359 1539 3453 glossopbaryngei
1555 3359 1594 3424 in
1614 3356 1856 3428 Mammelibus
1879 3361 2051 3432 convenit·
2097 3360 2147 3428 Ut

455 3477 528 3563 jam
557 3470 723 3554 diximus,
760 3471 797 3535 in
826 3471 975 3539 medulla
1004 3472 1184 3562 oblongata
1217 3474 1442 3548 insertionem
1475 3468 1602 3546 babet,
1635 3467 1777 3557 oblique
1807 3471 1998 3556 posteriora
2030 3491 2146 3542 versus

456 3581 568 3669 (Tab.
588 3602 616 3649 t·
638 3579 711 3664 Fig.
732 3601 765 3668 7.
784 3586 834 3668 7.)
855 3582 892 3648 in
916 3585 1056 3653 caritate
1076 3588 1184 3653 cranii
1201 3587 1311 3654 currit
1326 3585 1371 3653 ad
1395 3605 1432 3652 os
1457 3578 1639 3670 occipitale
1658 3575 1824 3662 laterale,
1845 3598 1909 3666 per
1931 3579 2030 3665 cujus
2048 3574 2146 3648 scra·

456 3711 538 3758 men
564 3691 657 3774 erit,
690 3689 842 3760 foramen
865 3714 972 3784 supra
998 3711 1032 3765 at
1058 3714 1136 3764 ante
1164 3698 1318 3766 foramen
1341 3719 1404 3789 per
1427 3693 1521 3786 quod
1551 3711 1651 3774 vagus
1677 3710 1697 3755 e
1727 3689 1869 3754 cavitate
1899 3687 1983 3756 exit.
2024 3685 2146 3754 Nullos

455 3801 550 3888 edit,
571 3819 676 3893 prout
694 3803 789 3888 vidi,
809 3827 919 3872 ramos
947 3805 1041 3894 (a),
1068 3824 1103 3874 ct
1122 3809 1236 3874 statim
1253 3809 1297 3872 ad
1316 3809 1461 3894 primam
1479 3806 1497 3887 (
1508 3801 1597 3866 Tab.
1616 3801 1648 3868 5.
1671 3797 1743 3882 Fig.
1763 3816 1792 3862 ι.
1815 3795 1874 3884 7.)
1891 3791 2005 3865 tendit
2033 3795 2145 3866 bran·

457 3912 599 3998 chiama
623 3913 774 3982 canalem
795 3916 1001 3982 anteriorem
1028 3915 1214 3983 branchiae
1235 3917 1341 3982 intrat
1362 3913 1472 4000 (Τὼ.
1492 3914 1527 3979 4.
1548 3908 1623 3996 Fig.
1644 3927 1675 3976 2.
1696 3906 1752 3996 7.)
1773 3923 1809 3973 et
1824 3908 1863 3976 in
1883 3904 1969 3978 duos
1987 3909 2145 3999 (Tabal-

454 4022 529 4110 Fig.
544 4045 575 4090 a.
598 4047 634 4089 a.
649 4024 704 4105 d.)
726 4043 797 4088 sese
819 4023 944 4093 dividit
963 4047 1101 4110 ramos,
1126 4026 1188 4114 qui
1208 4027 1293 4092 rami
1325 4045 1433 4114 usque
1461 4017 1505 4086 ad
1535 4019 1642 4088 finem
1669 4015 1859 4085 branchiae
1889 4021 2088 4110 procedunt
2108 4038 2147 4093 et

455 4131 499 4199 ad
519 4131 670 4218 linguam
693 4129 870 4203 desinunt.
991 4173 994 4180 ·

2052 4245 2145 4335 §.e

489 4429 544 4508 (1)
570 4422 762 4484 Curiatius
779 4419 872 4480 adbuc
888 4423 1061 4484 mentionem
1080 4422 1146 4485 lacit
1163 4424 1234 4482 raud
1251 4421 1301 4501 qui
1318 4441 1383 4484 sese
1395 4422 1539 4502 conjungit
1560 4439 1626 4480 curu
1641 4439 1721 4483 ramo
1738 4421 1814 4500 ptris
1839 4419 1920 4499 vagit
1939 4423 1992 4486 ted
2006 4421 2038 4489 in
2054 4423 2144 4489 Βίου

455 4528 582 4588 invenire
599 4519 670 4578 mibi
685 4537 745 4576 nen
760 4515 847 4576 licuit.
2107 4509 2111 4524 '

489 4624 549 4700 (a)
572 4616 810 4695 conjunctionem
830 4613 1090 4697 Guuophmngei
1114 4633 1181 4679 'eum
1203 4635 1292 4682 nerse
1310 4613 1429 4677 aeuum
1449 4633 1508 4676 non
1527 4613 1587 4684 ridi
1604 4609 1660 4694 tuti
1680 4613 1718 4677 td
1737 4610 1929 4686 interlitum.
