4992 6138
432 525 475 572 ,ο
782 486 1062 561 CAROLI
1118 483 1394 556 MARINI
1449 481 1760 568 GIL'I'AY.

433 701 591 754 essenon
614 671 764 744 dubitari
781 687 905 764 potest.
948 668 1054 759 Quod
1070 691 1111 737 eo
1132 668 1237 756 magis
1255 663 1442 736 attentione
1460 665 1618 754 digmm,
1644 667 1739 758 quod
1770 691 1914 740 nervum
1940 672 2117 740 membra·

435 817 502 863 nae
521 785 732 860 branchidis
752 781 826 852 aliis
840 769 891 850 'in
911 781 1089 876 piscibus,
1119 779 1157 844 in
1177 781 1285 847 Esoce
1309 779 1417 846 Lucio
1443 795 1479 847 et
1508 779 1623 848 Siluro
1649 781 1775 866 Glani,
1798 809 1817 850 a
1837 779 1909 849 solo
1931 803 2038 852 nervo
2052 785 2124 853 tri·

437 907 574 996 gemino
591 901 708 972 venire
724 897 843 967 vidi.”
886 895 967 963 Non
987 894 1082 960 bunc
1101 915 1268 976 nervum,
1293 892 1332 959 in
1354 888 1433 958 ullis
1461 888 1648 958 individuis
1672 870 1757 984 quos
1792 893 1961 979 dissonui,
1981 893 2122 965 invani2

441 1013 616 1108 quidquid
637 1014 701 1093 sit,
724 1007 903 1078 redeamus
924 1005 969 1073 ad
985 1021 1136 1073 nostram
1167 1005 1355 1074 materiem.
1400 1005 1584 1092 Postquam
1615 1003 1766 1072 medulla
1787 1003 1969 1091 oblongata
1989 1006 2028 1074 in
2049 1029 2128 1077 ma·

441 1127 569 1196 dullam
587 1123 754 1214 spinalem
771 1119 933 1202 transiit,
955 1139 1072 1185 rursus
1088 1139 1201 1185 ramos
1226 1118 1352 1196 mittit,
1384 1137 1469 1208 qnos
1485 1137 1595 1183 ramos
1610 1115 1677 1183 rite
1693 1118 1791 1184 nervi
1811 1114 1960 1206 spinales
1980 1117 2043 1198 (a)
2064 1141 2130 1188 vo.

444 1264 522 1310 carc
550 1238 634 1306 licet
663 1251 698 1304 et
725 1254 872 1323 qnorum
893 1231 1005 1320 prima
1035 1233 1133 1320 paria
1164 1226 1208 1295 ad
1234 1229 1464 1298 extremitates
1487 1226 1674 1298 anteriores
1708 1227 1881 1312 tendunt,
1913 1251 2003 1320 quaa
2034 1231 2131 1320 paria

444 1375 539 1420 nunc
555 1365 636 1418 sunt
658 1343 899 1415 describenda.

1223 1479 1255 1564 a.
1303 1475 1360 1545 to.

464 1702 466 1708 ·
578 1669 723 1746 Nervi
758 1665 972 1771 Spinalcs
1005 1626 1409 1738 ad'Extremitates
1446 1662 1707 1736 anteriores
1743 1658 2005 1740 tendentes.

489 1867 594 1936 Nervi
622 1862 771 1958 spinales
800 1859 933 1927 duabus
961 1857 1121 1925 oriuntur
1142 1851 1340 1936 radicibus,
1363 1853 1434 1937 sic,
1454 1867 1493 1920 ut
1520 1854 1677 1942 superior
1698 1853 1819 1938 radix,
1851 1883 1937 1951 quaa
1966 1858 2135 1930 insarno-

447 2003 529 2047 uem
547 1977 653 2043 babet
675 1973 850 2050 inlatere,
870 1992 1004 2064 semper
1025 1966 1126 2034 etiam
1147 1966 1298 2030 anterior
1319 1971 1364 2032 sit
1379 1964 1686 2048 radicoiuseriori,
1707 1967 1768 2054 qni
1787 1965 1825 2032 in
1838 1969 2020 2057 superficie
2038 1971 2137 2042 inl'e·

449 2091 533 2158 riori
554 2083 721 2154 medullae
750 2080 892 2172 spinalis
913 2079 1137 2147 insertionem
1163 2075 1289 2142 habeta
1312 2092 1499 2167 antequam
1525 2077 1570 2145 de
1594 2073 1702 2143 canali
1728 2079 1967 2148 vertebrarum
1990 2098 2137 2166 exeant,

450 2202 515 2267 bae
538 2198 626 2264 duae
648 2193 780 2261 radices
799 2194 1002 2274 confluunt3
1027 2186 1160 2292 ganglia
1180 2190 1196 2262 (
1206 2187 1255 2262 o)
1279 2207 1351 2251 non
1370 2185 1461 2255 vidia
1485 2189 1599 2254 statim
1620 2209 1698 2253 cum
1725 2189 1764 2256 in
1786 2207 1927 2260 externa
1951 2179 2140 2284 superficie

395 2383 397 2388 ,
452 2333 635 2404 corporum
654 2307 891 2376 vertebrarum
910 2313 1169 2393 pervenerunt,
1191 2296 1229 2362 iu
1252 2293 1337 2362 duos
1356 2314 1429 2362 sesa
1455 2293 1617 2363 dividunt
1633 2313 1765 2381 ramos,
1789 2320 1936 2388 quorum
1959 2325 2049 2372 unns
2075 2305 2140 2380 inq

453 2441 506 2493 ter
527 2417 719 2511 apophyses
743 2411 893 2504 spinales
916 2433 987 2478 sese
1010 2407 1182 2488 extendit,
1203 2407 1289 2476 alter
1311 2407 1403 2474 inter
1424 2423 1547 2478 costas.
1573 2405 1692 2487 (Tab.
1712 2429 1743 2475 ι.
1763 2407 1835 2495 Fig.
1850 2413 1913 2503 6.)

494 2530 625 2610 Nervi,
661 2521 705 2591 ad
734 2523 964 2592 extremitates
981 2519 1169 2585 anteriores
1198 2515 1401 2600 tendentes,
1431 2533 1511 2584 sunt
1526 2517 1593 2585 tria
1619 2519 1739 2596 (Tab.
1757 2521 1791 2590 4.
1813 2523 1886 2610 Frg.
1905 2525 1938 2595 5.
1954 2545 1992 2595 α.
2014 2525 2049 2596 ὂ.
2068 2538 2138 2618 e.)

454 2643 567 2734 prima
592 2637 689 2727 paria
705 2631 870 2724 spinalia3
895 2644 1008 2695 ortum
1025 2641 1060 2692 et
1078 2623 1262 2692 decursum
1279 2625 1431 2714 primum
1451 2622 1582 2692 habent
1599 2647 1699 2710 cum,
1723 2653 1826 2717 quem
1847 2634 1918 2719 jam
1938 2635 2144 2721 generaliter

358 2747 361 2752 ’
456 2747 711 2838 descripsimus.
755 2741 907 2808 Homero
929 2737 1063 2805 sublato
1077 2733 1177 2803 facile
1198 2733 1363 2802 decursus*
1378 2732 1521 2804 ulterior
1538 2753 1701 2826 apparete
1726 2737 1796 2806 dno
1818 2741 1929 2829 prima
1947 2745 2042 2832 paria
2065 2746 2142 2834 (5)

454 2864 604 2930 invicem
627 2852 799 2921 accedunt
816 2865 851 2917 et
868 2871 940 2916 sese
960 2845 1142 2913 filamcntis
1169 2845 1410 2929 conjungunt,
1432 2865 1538 2934 supra
1570 2845 1833 2936 peritonaenm,
1861 2866 1943 2920 aute
1970 2851 2143 2923 musculos

454 2973 635 3056 laterales3
662 2983 746 3036 tunc
768 2959 865 3050 quasi
885 2958 1026 3025 unicum
1059 2956 1222 3024 alliciunt'
1238 2977 1391 3033 ramum,
1414 2955 1475 3046 qui
1493 2955 1668 3045 procurrit
1694 2977 1805 3047 usque
1827 2959 1872 3028 ad
1891 2980 1930 3030 os
1950 2960 2084 3046 cubiti,
2105 2975 2145 3030 et

457 3087 531 3157 adit
549 3105 658 3152 ramos
677 3087 823 3165 quatuor
835 3096 848 3154 ς
872 3067 958 3136 dnos
988 3066 1103 3150 (Tab.
1120 3066 1155 3137 4.
1175 3063 1247 3150 Fig.
1268 3066 1300 3134 3.
1318 3089 1351 3132 e·
1373 3065 1429 3149 s.)
1460 3080 1682 3155 penetrantes
1712 3069 1750 3138 in
1781 3091 1856 3140 ossa
1877 3071 1988 3144 cubiti
2009 3087 2047 3142 et
2069 3073 2142 3142 bu-

456 3196 567 3277 mari,
587 3193 673 3259 dnos
695 3180 813 3266 (Tab.
826 3181 861 3248 4.
884 3177 958 3262 Fig.
978 3181 1009 3248 3.
1031 3201 1072 3268 g.
1092 3181 1158 3268 d.)
1181 3179 1219 3246 in
1238 3173 1432 3251 musculos.
1456 3197 1604 3267 qnorum
1625 3198 1738 3246 ramur
1757 3201 1844 3246 unns
1864 3181 2037 3255 anteriora
2059 3207 2146 3254 ver.

461 3328 518 3376 aas
539 3305 574 3373 in
595 3291 764 3366 musculos
785 3287 962 3382 procurrit
986 3287 1155 3380 usquead
1174 3287 1308 3376 apicem
1328 3282 1422 3352 ossis.
1465 3284 1532 3351 Par
1562 3283 1702 3356 tertium
1730 3310 1915 3361 nemorum
1935 3291 2146 3390 spinalium‚

460 3421 499 3488 in
519 3409 679 3484 musculis
703 3398 904 3470 lateralibus
930 3401 1026 3485 juxta
1046 3399 1158 3487 prima
1180 3399 1278 3490 paria
1311 3393 1490 3481 decurris3
1513 3419 1633 3482 ramo,
1657 3399 1829 3490 quemad
1855 3423 1894 3470 aa
1918 3403 2030 3491 prima
2050 3407 2148 3495 paria

463 3524 591 3601 missit.
614 3518 760 3586 desinite
783 3511 851 3578 hoc
867 3527 948 3597 ergo
967 3527 1035 3602 pro
1056 3506 1161 3597 plexu
1184 3503 1353 3578 brachiali
1373 3501 1494 3576 haberi
1512 3522 1649 3598 potest,
1671 3508 1775 3580 etiam
1795 3507 1937 3583 tertium
1949 3535 2016 3608 par
2035 3535 2151 3587 ramos

462 3639 506 3710 ad
527 3629 696 3704 musculos
710 3624 830 3696 mittit.

2080 3733 2153 3803 Pa·¹

500 3900 564 3981 (ι)
587 3895 655 3954 Non
676 3907 748 3969 opus
770 3897 816 3947 ast
837 3884 884 3946 laic
902 3903 1004 3948 nervos
1020 3883 1142 3964 spinales
1164 3882 1291 3944 dividere
1313 3886 1343 3946 ln
1370 3899 1473 3944 ueram
1497 3880 1670 3956 cervicales,
1698 3883 1842 3954 dorsales,
1878 3881 2018 3942 lumbsles
2046 3890 2077 3941 et
2101 3902 2150 3944 aaa

464 3995 574 4060 arulas
590 3989 662 4046 baec
685 3986 763 4042 euim
786 3983 964 4044 distinction
990 3979 1126 4042 vertebris
1147 3980 1236 4054 petita
1256 3979 1350 4036 locum
1375 3977 1483 4036 babere
1505 3997 1565 4036 non
1584 3987 1679 4056 potest
1695 3976 1725 4038 in
1751 3978 1892 4056 piscibuss
1917 3975 2065 4040 acubus
2083 3991 2148 4040 est·

466 4089 567 4154 sinales
585 4100 644 4141 non
668 4078 790 4147 adsunt,
818 4076 884 4152 quie
904 4073 998 4136 cervix
1021 4073 1052 4130 in
1070 4069 1192 4152 piscibus
1209 4089 1269 4129 unu
1293 4071 1480 4133 demonstrari
1499 4073 1596 4146 salet,
1627 4091 1680 4133 nec
1709 4073 1794 4134 etiarn
1817 4071 1956 4134 lumbales
1976 4081 2009 4134 et
2028 4073 2147 4146 recales

466 4179 581 4268 propris
604 4177 727 4238 adsueta
754 4169 778 4226 εἰ
799 4177 895 4226 umen
916 4167 1092 4226 dbdactlana
1109 4185 1220 4226 neoease
1242 4176 1342 4238 esset,
1355 4168 1408 4226 rite
1430 4168 1461 4256 iu
1483 4169 1608 4229 dorsales
1631 4179 1660 4227 et
1679 4165 1830 4240 madales,
1856 4169 2013 4229 seeundum
2030 4167 2056 4230 J.
2071 4169 2148 4234 ad,

435 4285 438 4290 ’
466 4283 614 4342 nomn
635 4265 724 4328 dividi
745 4267 872 4339 possunt.
921 4259 997 4322 Vide
1012 4262 1129 4326 blunt.
1143 4283 1207 4343 pag.
1223 4269 1256 4332 sta
1274 4274 1304 4322 et
1320 4283 1382 4342 sqq.
1404 4265 1432 4324 J.
1451 4281 1518 4337 ran
1537 4263 1601 4322 der
1618 4263 1785 4335 Hoeven,
1804 4262 1974 4325 Proiessoris
1993 4261 2147 4342 Lugdunus

466 4370 575 4433 Batavi.

503 4469 557 4542 (a)
585 4458 719 4535 Arsaky
740 4454 825 4514 etiarn
846 4452 960 4530 negarit
988 4449 1086 4511 adesse
1117 4449 1227 4531 ganglia
1253 4449 1382 4530 spinalis.
1426 4449 1500 4510 Nam
1520 4449 1648 4512 Weber
1677 4451 1709 4512 in
1731 4453 1816 4516 anat.
1843 4451 1943 4532 Comp.
1967 4443 2052 4516 nusi
2070 4461 2149 4533 synd

470 4561 575 4644 pathici
595 4555 675 4616 dicits
700 4555 752 4612 asi
768 4551 899 4610 nonnulli
911 4548 1059 4610 anatomici
1080 4557 1110 4606 et
1128 4549 1156 4606 in
1172 4545 1217 4608 bis
1239 4549 1378 4624 Arsaky
1397 4555 1570 4624 negaverunt
1588 4546 1678 4627 pinnen
1696 4547 1813 4626 ganglib
1832 4544 1989 4626 spiralibus
2000 4545 2153 4617 insitum

471 4677 547 4730 asse,
572 4655 602 4715 id
623 4647 729 4728 duplici
748 4665 831 4706 cam
848 4647 980 4707 accidisse
1000 4642 1157 4704 „bima”

505 4756 561 4836 (a)
584 4747 780 4814 Curiatius
794 4745 919 4825 loquitur
937 4743 974 4807 da
992 4757 1081 4804 narso
1100 4734 1361 4820 diaphragmatieo,
1383 4735 1433 4814 qai
1452 4753 1547 4800 mmm
1564 4745 1639 4802 eust
1653 4733 1740 4818 primi
1758 4733 1836 4816 paris
1851 4732 2015 4819 spinallnn}
