4992 6138
541 455 545 462 '
589 440 944 516 cotttttntfflo
977 459 1029 528 ao
1059 441 1404 534 Quasssrtorttttt
1439 443 1766 520 zoobootcttt.
1925 439 1928 446 ’
1977 449 2021 517 li

331 633 499 716 elirariis,
521 628 578 701 bio
608 649 740 701 tantum
764 630 801 696 in
824 653 865 700 eo
885 627 961 694 loco
983 625 1079 694 adest
1107 651 1214 694 massa
1235 629 1369 696 cinerea
1396 629 1514 694 rubra.
1557 627 1724 695 Fasciculi
1757 627 1913 696 laterales
1937 630 2021 696 reti·

332 749 455 814 lormss
479 746 603 834 partim
625 769 695 812 sese
713 759 852 812 vertunt
871 739 915 809 ad
933 738 1162 817 cerebellum,
1186 743 1311 832 partim
1335 741 1376 808 ad
1400 765 1463 833 par
1479 739 1639 830 quintum
1657 764 1852 808 nervorum.
1894 741 2018 810 Dill'srt

330 861 446 950 itaque
465 856 578 924 multis
604 857 640 921 in
663 855 765 920 rebus
788 851 936 920 medulla
956 850 1134 937 oblongata
1153 853 1384 922 Mammalium
1402 879 1423 920 a
1442 852 1590 920 medulla
1611 853 1793 940 oblongata
1813 853 1957 938 Avium,
1980 859 2018 922 in
2153 883 2159 892 ·

331 972 456 1058 quibus
479 964 679 1036 animalibus
702 983 833 1032 tantum
848 981 899 1032 est
918 986 1021 1030 massa
1042 953 1208 1053 simplex,
1231 967 1424 1036 uniformis,
1469 966 1570 1034 Nulla
1600 965 1784 1058 peculiaria
1807 965 1844 1064 in
1871 967 2015 1057 reliquis

331 1081 511 1148 ordinibus
532 1078 677 1161 adsunt,
700 1078 766 1144 nisi
799 1077 893 1168 qnod
922 1076 1111 1142 substantia
1129 1075 1264 1146 cinerea
1289 1083 1379 1148 intsr
1408 1102 1555 1168 corpora
1576 1077 1800 1168 pyramidalia
1822 1096 1856 1146 et
1880 1079 2019 1148 olivaria

333 1189 507 1279 paulisper
534 1207 733 1261 evanescere
768 1209 913 1276 corpora
939 1187 1076 1256 olivaria
1110 1205 1243 1256 tantum
1270 1189 1305 1255 in
1331 1191 1443 1259 Simiis
1469 1211 1504 1260 et
1538 1190 1715 1281 Delphinis
1740 1192 2022 1281 conspiciuntur,

230 1381 236 1392 .
332 1301 443 1368 iubis
471 1325 552 1368 vero
583 1301 737 1368 murima·
782 1297 886 1386 Quod
902 1297 946 1365 ad
969 1300 1199 1368 ventriculum
1220 1317 1400 1388 quartnmr
1424 1303 1462 1368 in
1491 1303 1611 1370 eodem
1636 1316 1727 1367 st'atu
1756 1325 1796 1367 ac
1824 1304 1860 1366 in
1886 1301 2024 1368 bomine

332 1409 457 1494 adest,
479 1427 613 1479 tanturn
639 1406 740 1475 latior
767 1425 820 1475 est
841 1425 1001 1505 respectu
1022 1407 1195 1498 aliorum,
1216 1433 1294 1478 curn
1324 1415 1427 1480 etiarn
1457 1416 1533 1504 ipss
1564 1409 1713 1478 medulla
1740 1411 1921 1500 oblongam
1955 1437 2026 1478 rna·

335 1525 391 1610 jor
412 1522 469 1589 sit.

378 1631 485 1719 Quod
504 1630 546 1695 ad
566 1629 696 1716 ganglia
712 1630 749 1696 in
769 1630 959 1698 ventriculo
981 1647 1126 1721 quarto,
1163 1633 1298 1702 Carus
1323 1629 1565 1720 animadvertit
1593 1655 1664 1700 non
1697 1631 1842 1720 amplius
1875 1633 1919 1700 ad
1948 1655 2026 1700 me·

335 1739 426 1810 diam
440 1743 551 1834 posita
569 1763 642 1807 esse
661 1739 813 1824 lineam,
835 1733 894 1810 sed
906 1743 947 1808 ad
969 1743 1099 1827 latera,
1123 1762 1158 1812 et
1174 1743 1210 1810 in
1225 1743 1393 1811 fasciculis
1414 1745 1898 1813 cerebelloadscendentibus
1917 1746 2031 1812 locum

334 1851 483 1922 haberes
506 1850 683 1923 Wenuel
707 1853 785 1937 (t)
810 1851 893 1919 baec
908 1852 1039 1939 ganglia
1063 1871 1194 1922 tanturn
1212 1855 1309 1922 strias
1331 1873 1450 1938 vocat,
1472 1873 1507 1923 et
1531 1859 1624 1924 inter
1648 1857 1766 1942 viginti
1783 1880 1904 1924 novem
1931 1857 2034 1923 bruta

338 1988 426 2058 qnae
448 1964 659 2056 exploravit,
686 1961 724 2028 in
751 1963 925 2032 nonnullis
952 1980 1086 2032 tantum
1110 1986 1166 2034 eas
1187 1965 1344 2046 invenit,
1379 1968 1527 2058 ideoque
1550 1969 1669 2036 statuit
1693 1985 1806 2056 partes
1828 1970 2034 2036 assenseris

337 2078 514 2164 auditoriis
534 2077 627 2143 haud
648 2077 870 2146 necessarias·

380 2187 536 2258 Medulla
555 2188 709 2276 spinalis.
755 2189 872 2278 Quum
889 2195 926 2258 in
949 2191 1143 2284 Ampbibiis
1170 2193 1295 2274 iamet
1329 2175 1457 2258 litibus
1482 2189 1659 2270 vidimus,
1691 2189 1876 2258 medullam
1909 2191 2032 2278 apina·

337 2299 408 2370 lem
427 2297 520 2365 nulla
543 2303 726 2387 peculiaria
754 2303 899 2373 offerres
934 2307 973 2372 in
1003 2301 1241 2374 Mammalibns
1269 2303 1372 2370 etiam
1399 2320 1484 2394 typo
1510 2305 1708 2394 perfectiori
1735 2302 1939 2389 gaudentem
1962 2324 2034 2368 non

338 2409 560 2504 reperiemus·
605 2412 717 2480 Utin
747 2415 981 2504 superioribus
1009 2413 1244 2499 secliouibus,
1274 2413 1426 2481 medulla
1455 2413 1597 2502 spinalis
1637 2413 1675 2482 in
1704 2412 1943 2481 Mammalibns
1982 2427 2033 2478 est

340 2521 519 2616 oglindrns
567 2545 741 2608 narseus,
785 2542 894 2592 totum
934 2522 1087 2596 canalem
1126 2525 1364 2594 vertebrarum
1402 2548 1625 2615 percurrens.
1679 2520 1736 2590 ad
1767 2523 1934 2590 foramina
1970 2525 2031 2589 in·

341 2632 601 2704 terrestebralia
637 2635 732 2701 nervi
753 2637 935 2718 oriuntur,
970 2651 1006 2701 et
1035 2637 1127 2701 tenui
1162 2635 1337 2706 filamento
1359 2635 1488 2704 desinit
1505 2639 1543 2702 in
1566 2635 1637 2702 line
1673 2634 1798 2701 canalis
1819 2631 2033 2702 vertebralis.

341 2747 494 2814 Tantum
529 2748 566 2810 in
596 2745 861 2829 Mammalibus,
894 2747 1025 2814 bomini
1060 2748 1247 2839 proximis,
1280 2751 1387 2816 finem
1415 2748 1521 2812 babet
1542 2747 1581 2810 in
1607 2747 1737 2831 regioni
1757 2747 1921 2828 lumbali,
1945 2769 2033 2835 quae

341 2857 442 2942 linis,
465 2881 543 2924 curu
568 2854 676 2923 cauda
694 2857 841 2948 equina,
864 2853 995 2924 bomini
1014 2857 1158 2945 propria
1177 2873 1239 2925 est.
1271 2860 1312 2927 In
1337 2859 1452 2936 sustu,
1478 2872 1518 2923 ut
1545 2872 1662 2946 postea
1682 2855 1896 2934 ridebimus,
1922 2869 2033 2921 totum

342 2969 519 3062 percurrit
543 2963 695 3035 canalem
720 2965 870 3035 medulla
892 2965 1045 3057 spinalis.
1091 2966 1227 3035 Canalis
1253 2967 1472 3046 medullaris,
1492 2981 1530 3033 ut
1551 2971 1588 3034 iu
1609 2966 1805 3054 Ampbibiis
1830 2980 1866 3030 et
1880 2966 2032 3048 Avibus,

342 3081 445 3152 etiam
461 3079 519 3146 bic
540 3082 726 3162 reperitur.
769 3077 845 3142 Duo
868 3076 1002 3142 canales
1025 3074 1207 3158 laterales,
1230 3101 1316 3166 qnos
1347 3079 1447 3144 Gall
1468 3099 1541 3143 sese
1572 3075 1721 3144 credidit
1749 3078 1938 3153 invenisse,
1960 3099 2032 3142 non

343 3187 470 3262 adsum
489 3181 680 3250 secundum
720 3185 894 3252 Carnmr
921 3186 958 3248 in
986 3179 1173 3248 individuis
1194 3181 1420 3250 adultioribus
1439 3183 1564 3251 canalis
1586 3185 1753 3252 minorem
1779 3187 1882 3253 babet
1901 3184 2032 3273 ampli-'

344 3296 523 3378 tudinem,
548 3315 651 3382 quam
678 3292 714 3358 iu
732 3291 937 3377 junioribus.
982 3289 1181 3358 Substantia
1199 3294 1338 3361 cinerea
1351 3291 1519 3360 medullae
1539 3301 1574 3362 in
1593 3293 1679 3362 duas
1698 3315 1834 3383 partes,
1857 3294 1900 3363 ad
1923 3294 2033 3362 latera

344 3407 498 3502 positas,
521 3403 626 3472 divisa
639 3418 712 3480 est,
738 3425 884 3494 quarum
904 3401 940 3469 in
970 3401 1135 3489 perscissa
1154 3403 1340 3491 superlicio
1366 3428 1497 3472 rantum
1530 3405 1797 3475 adscendentem
1824 3425 1860 3478 et
1880 3408 2030 3475 descen·

345 3517 486 3588 dentem
516 3535 699 3600 agnoscere
728 3537 919 3604 possumus.
963 3517 1005 3582 ln
1033 3515 1215 3598 Gliribus,
1236 3533 1273 3584 er
1305 3518 1342 3582 in
1368 3514 1441 3584 aliis
1472 3517 1652 3585 ordinibus
1686 3521 1924 3596 inferioribus,
1945 3518 2033 3585 dnse

345 3629 449 3700 striae
475 3629 630 3695 cinereae
653 3625 850 3694 exteriusin
873 3627 1058 3713 superficie
1085 3627 1240 3715 conspici
1266 3645 1419 3714 possunt.
1462 3633 1726 3698 incrassationes
1759 3655 1822 3716 pro
1846 3631 1957 3696 nervis
1975 3653 2032 3697 er·

347 3739 560 3811 tremitatnm
581 3737 683 3805 etiam
702 3735 853 3818 adsunt,
876 3734 938 3802 sed
958 3759 1028 3803 non
1049 3736 1135 3803 adeo
1152 3738 1431 3831 protuberantes.
1473 3743 1513 3808 ln
1533 3740 1688 3810 Gliribus
1702 3758 1738 3808 et
1759 3741 1794 3806 iu
1815 3741 1908 3808 loetn
1928 3743 2036 3807 Mam·

324 3854 487 3928 'naliutu
524 3847 726 3918 incrassatio
753 3845 901 3914 inferior
941 3847 1112 3917 medullae
1157 3843 1299 3939 spinalis
1336 3846 1422 3920 solet
1458 3855 1568 3937 major
1602 3871 1673 3917 esse
1711 3851 1904 3940 superiori,
1941 3849 2037 3938 quod

349 3963 514 4038 convenit
536 3983 615 4026 enm
642 3957 836 4028 evolutione
851 3959 973 4046 majori
998 3963 1223 4051 posteriorum
1247 3961 1522 4044 extremitatum,
1556 3961 1649 4052 qnod
1669 3961 1712 4028 ad
1738 3961 1867 4029 loetum
1894 3963 2038 4037 attinet.

352 4097 432 4147 enm
456 4072 568 4141 forma
586 4068 874 4160 Ampbibiornm,
900 4071 963 4138 ubi
981 4075 1085 4140 unica
1110 4071 1148 4139 in
1167 4068 1343 4163 plerisque
1370 4068 1550 4160 speciebus
1572 4069 1670 4138 adest
1697 4074 1922 4155 incrassatio,
1947 4091 2038 4136 con·

355 4187 464 4260 renis.

378 4278 517 4368 ¹salens
533 4289 631 4362 adest
652 4286 869 4380 superiores
889 4286 1146 4381 interimo),
1166 4311 1315 4382 quorum
1342 4287 1481 4358 ultimus
1504 4287 1542 4356 in
1565 4285 1724 4356 Gliribns
1749 4298 1785 4351 et
1811 4283 2039 4378 vespertilio·

357 4411 365 4429 ‘
1993 4401 2046 4469 ui·

386 4534 688 4619 (ermensende
711 4532 846 4616 penitiori
865 4543 1006 4612 sunctum
1019 4532 1155 4606 Cerebri,
1173 4551 1237 4613 pag.
1255 4543 1315 4597 sta.
1431 4589 1433 4592 .

390 4634 450 4712 (a)
467 4633 641 4692 Recentioris
660 4631 814 4694 mansoriae
838 4632 1012 4693 amu-tan
1032 4633 1071 4698 G.
1087 4631 1126 4692 G.
1142 4631 1198 4690 rta
1214 4627 1392 4703 Kaullel,
1420 4629 1458 4686 ds
1481 4623 1610 4686 Uednlla
1636 4619 1762 4702 Spinsli,
1784 4625 1867 4684 lialla
1883 4615 1970 4705 ttae',
1989 4649 2050 4690 rae·

356 4727 530 4812 attalum
550 4727 713 4790 interimere
736 4725 1216 4790 stedammahnsdullarsnt
1238 4728 1350 4792 adme.
1381 4723 1516 4800 carus,
1534 4720 1666 4790 Versusb
1688 4729 1744 4784 etc.
1764 4741 1829 4802 pag.
1850 4741 1911 4796 sse.

1301 4823 1375 4895 Fa
