4992 6138
474 579 479 588 .
560 464 922 602 cottuturlrto
953 539 1006 598 un
1035 519 1381 618 Qutssrtoratt
1412 499 1742 600 zooto'ototrt.
1844 601 1850 614 ,
1951 527 1995 617 a,

874 837 1426 870 “OM-

805 1089 1107 1174 sror1o
1159 1090 1594 1198 oraora.,

821 1337 1141 1390 ΟΟῊΔΜΉΟ
1174 1337 1267 1387 ctttt
1300 1339 1499 1392 nomttttt.

315 1541 426 1666 Cana
446 1596 483 1664 in
506 1587 737 1660 anterioribus
759 1583 972 1653 sectionibus
1004 1583 1217 1662 viderimus,
1240 1583 1428 1652 medullam
1447 1585 1637 1676 spinaleor,
1669 1605 1705 1658 et
1731 1586 1824 1681 quod
1846 1587 1889 1657 ad
1906 1607 2000 1660 mss·

318 1729 391 1774 sam
404 1720 440 1772 et
459 1699 553 1792 quod
575 1697 620 1766 ad
637 1697 803 1766 fabricam
824 1696 957 1784 ipsam,
983 1694 1160 1762 formatam
1182 1715 1253 1759 esee
1275 1691 1319 1757 ad
1338 1711 1458 1786 typum
1476 1699 1783 1789 imperfectiorem
1807 1703 1875 1771 110,
1895 1720 2000 1771 „012-

319 1815 423 1883 bilius
446 1812 577 1880 sactum
600 1825 652 1876 est
668 1805 813 1896 propria
831 1803 1031 1894 perfectiori
1049 1802 1242 1872 evolutione
1269 1803 1424 1890 cerebri3
1447 1807 1621 1902 paulisper
1638 1811 1730 1877 enim
1753 1812 2007 1884 inanimalium

322 1929 409 1995 serie
429 1920 709 2001 adscendentes,
739 1917 934 2002 agnouimus
958 1911 1060 2002 plura
1087 1912 1254 1980 accedere
1283 1935 1431 2002 organas
1452 1931 1492 1984 et
1517 1931 1629 1988 tomen
1657 1920 1749 1990 iuter
1773 1920 1833 1988 illa
1863 1925 2008 1992 maxima

319 2034 499 2105 harmonia
514 2045 550 2098 at
569 2029 684 2094 unitas
702 2027 918 2096 observatur.
960 2023 1003 2090 In
1020 2022 1097 2117 ipso
1109 2023 1267 2102 homine,
1288 2023 1537 2116 perfectissimo
1554 2030 1716 2115 animali,
1738 2035 1901 2119 majorem
1920 2055 2007 2123 prae

320 2143 470 2214 medulla
500 2139 626 2228 spinali
653 2135 876 2219 evolutione,
906 2135 1007 2204 etium
1033 2131 1275 2222 perlectionem
1302 2151 1443 2226 typum,
1475 2137 1570 2227 qnod
1598 2139 1642 2206 ad
1663 2141 1830 2212 fabricam
1850 2159 1886 2212 et
1918 2145 2004 2210 bar-

320 2255 469 2322 muniam
498 2248 648 2343 partium
688 2249 820 2317 cerebri
850 2249 1062 2324 ridebimus,
1094 2270 1201 2344 quum
1233 2249 1348 2314 omnia
1376 2247 1598 2315 subordinate
1628 2249 1906 2338 haemisphaeriis
1934 2255 2005 2320 aive

320 2385 448 2431 mattae
465 2361 594 2451 primae
609 2361 840 2451 reperiemuea
864 2362 926 2428 bat
946 2359 1050 2446 igitur
1070 2355 1300 2445 proprietates
1325 2353 1513 2441 adnotare,
1534 2356 1658 2448 quibua
1682 2359 1865 2426 cerebrum
1887 2361 2006 2428 bomi-

320 2473 374 2542 nis
400 2473 502 2559 magis
533 2471 729 2559 praevalet,
750 2492 875 2562 scopus
905 2469 1008 2556 liujus
1023 2468 1183 2536 sectionis
1209 2469 1287 2536 erit.
1332 2467 1521 2537 Ordiamur
1549 2468 1733 2536 acerebro
1762 2488 1798 2539 et
1823 2469 2007 2562 quidana

315 2581 461 2670 gangliis
486 2581 683 2651 olfactoriis.

984 2771 1238 2856 Cerebrutn
1271 2779 1353 2880 (t).

361 3008 512 3100 Gauglia
544 3007 746 3078 otsaaturia.
786 3007 832 3076 Iu
867 3005 1052 3096 piscibus,
1081 3009 1158 3099 ipsa
1189 3005 1461 3097 haemisphaeria
1493 3001 1626 3094 ganglia
1658 3001 1837 3074 uttaaaaata
1872 2999 2009 3074 relere-

319 3123 431 3211 bant3
453 3123 491 3188 iu
509 3119 730 3208 Ampbibiie,
753 3121 1025 3188 continuationes
1051 3138 1152 3187 erant
1173 3119 1546 3206 haemisphaerium,
1570 3131 1605 3183 et
1633 3137 1841 3205 quamquam
1861 3117 1899 3184 in
1920 3119 2009 3188 eai-

320 3238 388 3304 bue
415 3233 572 3318 sejuncta
589 3251 629 3296 ac
649 3229 794 3318 propria
814 3230 965 3318 primum
981 3250 1054 3296 sese
1073 3229 1328 3312 ostendebant,
1349 3228 1386 3296 in
1415 3225 1656 3296 Mammalibue
1680 3239 1814 3294 tantum
1844 3231 2012 3322 protnba·
2144 3273 2148 3282 .

324 3343 457 3416 nuntiae
474 3359 543 3433 pro
576 3337 692 3408 nervis
716 3334 900 3406 olfactoriis
922 3336 1088 3424 aderant3
1121 3339 1159 3408 in
1178 3337 1319 3406 bomine
1342 3335 1503 3420 tandem,
1537 3359 1577 3405 ac
1598 3359 1670 3404 uon
1691 3336 1757 3404 nisi
1778 3337 1816 3406 in
1845 3338 2011 3426 bomine,

324 3454 453 3527 adsunt
471 3451 572 3522 nesti
590 3447 761 3520 olfactorii
775 3471 818 3518 ex
833 3449 1115 3546 hemisphaeriis
1137 3451 1206 3520 orti
1217 3447 1385 3540 separati,
1406 3450 1444 3516 in
1457 3446 1672 3539 reliquorum
1695 3471 1882 3521 nemorum
1902 3453 2008 3522 classe

323 3567 383 3638 bio
409 3563 524 3636 locum
555 3577 754 3655 occupant,
778 3585 866 3654 quce
892 3561 1123 3651 praevalentis
1156 3560 1504 3651 hemisphaeriorum
1531 3583 1574 3628 eo
1602 3560 1706 3650 uaria
1727 3563 1828 3634 obsis
1847 3562 1911 3650 lit,
1933 3588 2013 3640 cuna

325 3677 459 3772 ganglia
476 3673 619 3767 quidem
643 3673 785 3762 adsint,
806 3673 868 3744 sed
891 3691 1047 3769 reparata
1067 3675 1223 3762 utigitur
1246 3696 1325 3741 cum
1351 3687 1530 3762 systemate
1551 3673 1722 3762 ganglioeo
1741 3674 1987 3766 comparanda.

369 3781 477 3882 Quod
509 3788 553 3856 ad
580 3785 712 3878 ganglia
748 3811 933 3859 murorum
967 3788 1172 3880 opticorum·
1225 3781 1302 3854 Jam
1334 3785 1373 3850 in
1407 3796 1478 3848 tota
1507 3781 1616 3854 alnae
1640 3786 1876 3856 Mammalinm
1901 3787 2016 3857 niusa

320 3921 428 3975 mant
443 3898 603 3972 evolutus
627 3897 785 3968 caritates
802 3923 873 3968 non
888 3895 1034 3992 amplias
1048 3898 1238 3967 aderautet
1255 3897 1359 3966 etism
1366 3893 1559 3965 „madan
1572 3919 1638 3986 par
1655 3899 1891 3988 gaugliorum,
1915 3899 2012 3990 quod

326 4013 464 4086 nullum
485 4007 590 4079 alium
611 4031 755 4100 scopum
787 4033 891 4100 quam
916 4009 1157 4078 commissurae
1183 4007 1398 4090 offerebant,
1422 4003 1556 4097 aequali
1581 4007 1749 4096 gaudebat
1778 4007 2012 4082 salaminam

324 4119 523 4206 nonnullis,
540 4117 582 4187 in
602 4119 797 4211 unaspecie
815 4117 977 4211 quidam,
994 4121 1033 4188 in
1052 4119 1247 4212 Delphino,
1267 4121 1310 4188 ab
1333 4119 1376 4186 iit
1390 4132 1612 4207 superantur.
1654 4118 1698 4188 ln
1719 4121 1857 4190 bomine
1872 4116 2014 4189 demum

326 4259 436 4310 masaa
447 4235 535 4305 baec
558 4244 718 4320 respectu
732 4227 874 4298 aliarum
894 4233 1037 4301 minima
1056 4247 1108 4310 eat
1120 4223 1207 4301 etib
1228 4244 1301 4298 toto
1314 4225 1547 4316 computanda
1566 4249 1644 4298 cnm
1655 4229 1733 4320 pari
1751 4228 1911 4322 nequead
1926 4253 2016 4320 pan·

327 4349 498 4439 eliorum,
520 4357 558 4416 et
580 4341 684 4410 etism
700 4339 893 4410 substantia
917 4340 1054 4410 marea
1066 4338 1140 4411 lere
1154 4339 1194 4408 in
1209 4337 1253 4406 iia
1274 4359 1347 4406 uon
1371 4339 1567 4430 repetitura
1589 4337 1698 4408 lobnli
1717 4361 1804 4431 ergo
1822 4338 1933 4432 optiei
1954 4343 2017 4433 qul

1981 4453 2021 4520 ln

364 4628 888 4714 (slffldointrtwottohi
911 4627 1611 4721 etreliqrrmtotprtittbotoineestutff„
1634 4631 1697 4722 ἦ,
1720 4633 1871 4722 ὑπ”,
1915 4643 2016 4688 κωπ-

328 4730 481 4806 damulus
497 4737 639 4790 artatam
667 4723 882 4800 cartarius,
909 4725 1122 4809 mee-p,
1146 4737 1219 4795 tom.
1236 4747 1262 4790 a.
1285 4745 1351 4809 pap
1369 4735 1429 4806 etp.
1460 4727 1540 4788 later
1566 4725 1786 4791 Mouet
1812 4725 2021 4806 ηῑὴωιιοκ

332 4821 811 4900 muliofflnlttp.
1294 4911 1331 4988 ὓ
