4992 6138
621 447 987 530 ‘coMMssNrarto
1018 471 1071 526 su
1101 448 1447 550 Quaesrtorteu
1469 448 1796 535 ZOOLOGICAM.
2009 465 2054 548 ld

356 637 519 718 fierem.
540 637 635 730 quod
662 641 731 726 jam
756 639 794 706 in
824 639 932 708 Esoee
955 639 1115 710 vidimus.
1158 638 1362 707 Praesertim
1387 659 1505 705 omnes
1538 639 1575 706 hi
1604 646 1690 712 rami
1726 647 1762 713 in
1783 648 2049 719 Ruminantibas

355 751 555 823 attentione
585 749 681 834 digni
706 763 799 814 suat.
841 751 966 817 Ramas
994 747 1127 817 medius
1150 749 1374 840 ophthalmiei
1402 750 1439 815 in
1469 747 1554 818 duas
1575 775 1647 822 sese
1674 755 1796 825 dividit
1822 777 1958 847 partes,
1979 785 2049 828 una

358 863 539 936 evanescit
564 860 601 924 in
623 856 781 925 musculis
802 856 1068 951 palpebrarum,
1090 858 1195 931 altera
1218 861 1257 927 in
1284 857 1438 926 musculo
1466 878 1563 928 recto
1592 865 1741 936 interno.
1781 865 1907 938 Ramns
1933 877 2051 941 tertias

358 977 542 1046 ‘illamenta
561 969 621 1036 dat
643 967 822 1056 glandulae
839 963 1023 1059 lacrymali.

408 1091 540 1158 Nervus
564 1071 745 1150 maxillaris
765 1082 941 1167 superior.
964 1080 1025 1170 qni
1047 1077 1217 1146 seenndns
1241 1093 1361 1149 'ramus
1381 1102 1440 1152 est
1457 1087 1768 1176 nervi'trigemini‚
1801 1116 1865 1184 per
1895 1091 2047 1162 loramen

365 1217 446 1268 ante
465 1213 658 1288 processum
690 1190 770 1256 ossis
803 1190 933 1277 petrosi
954 1212 973 1256 e
996 1189 1114 1256 cranio
1143 1189 1225 1256 exit.
1268 1191 1534 1263 lloriaontaliter
1557 1197 1707 1267 anterius
1734 1203 1845 1270 tendit
1868 1205 2049 1273 maxillaris

364 1312 521 1404 asperior
541 1299 583 1374 ad
597 1303 718 1370 fossam
734 1301 975 1388 temporalem,
995 1318 1030 1368 et
1041 1302 1076 1366 in
1089 1322 1132 1365 eo
1145 1297 1220 1366 loco
1237 1300 1273 1364 ln
1290 1325 1448 1387 maguum
1469 1328 1641 1374 ramorum
1665 1334 1843 1378 nnmerum
1869 1313 2045 1380 dividitur.

360 1417 561 1488 Parsnsres
586 1421 717 1496 intrat,
740 1435 820 1502 pars
841 1433 983 1478 massam
1007 1432 1136 1478 osseam
1166 1403 1320 1477 maxillae
1344 1417 1530 1502 superioris
1551 1433 1585 1482 et
1611 1416 1771 1484 dentibus
1799 1422 1956 1488 omnibus
1983 1447 2044 1488 ra-

363 1557 437 1604 mos
460 1530 615 1624 praebet.
660 1521 728 1592 Sed
760 1540 901 1615 ,praeter
922 1521 1005 1600 hos,
1029 1517 1209 1588 maxillaris
1237 1522 1394 1609 superior
1420 1523 1534 1590 adhue
1557 1525 1630 1593 edit
1650 1551 1782 1594 ratnnm
1808 1552 1872 1616 pro
1892 1531 2043 1598 musculo

362 1641 565 1732 temporali,
589 1661 654 1704 neo
675 1663 745 1704 non
766 1637 895 1718 alium,
918 1635 979 1722 qui
1003 1657 1022 1698 a
1044 1655 1141 1699 ramo
1171 1629 1455 1726 splsenopalatino
1475 1631 1627 1720 secedit,
1650 1638 1746 1722 enjus
1768 1637 1988 1726 prolongatio
2006 1639 2044 1706 ia

360 1755 475 1845 palato
492 1775 563 1820 sese
587 1745 775 1816 distribuit.

403 1865 534 1930 Nervus
551 1856 732 1925 maxillaris
756 1855 919 1934 inferior,
943 1849 1002 1947 qui
1028 1857 1129 1924 tertis
1149 1871 1230 1944 pers
1251 1871 1303 1924 est
1331 1854 1428 1922 nervi
1450 1845 1647 1943 trigemini,
1677 1855 1790 1926 statirir
1815 1867 1893 1948 posi
1918 1859 2045 1928 exinani

360 1993 470 2040 ramas
495 1957 553 2034 dat
572 1961 750 2050 glandulae
771 1963 942 2052 parotidi,
965 1979 1000 2030 et
1012 1963 1183 2050 glandulis
1200 1965 1456 2054 maxillaribus3
1481 1990 1586 2058 porro
1604 1993 1715 2037 ramos
1735 1969 1808 2038 edit
1829 1970 1913 2035 duos
1935 1968 2039 2048 alios,

357 2095 507 2169 quorum
529 2097 616 2139 unus
640 2077 674 2140 in
707 2075 867 2140 musculis
888 2074 1045 2162 linguae.
1068 2078 1156 2148 alter
1186 2077 1346 2146 musculis
1370 2079 1622 2169 pterygoideis,
1652 2081 1814 2148 musculis
1845 2079 2043 2146 bu‘ooalibus

353 2185 395 2258 'et
416 2177 575 2286 musculis
592 2185 780 2252 labiorum=
805 2183 902 2248 filum
926 2187 1131 2269 maximum,
1153 2189 1368 2282 prolongatio
1394 2190 1468 2276 ipsa
1487 2189 1583 2256 nervi
1602 2189 1808 2274 maxillaris,
1827 2191 1937 2258 intrat
1957 2213 2045 2257 mas·

360 2323 432 2368 sam
456 2321 582 2366 osseam
605 2294 760 2364 maxillae
783 2291 955 2359 inferioris
970 2312 1006 2363 et
1026 2293 1188 2365 dentibus
1211 2321 1321 2365 ramos
1340 2299 1497 2387 praebet.

399 2411 531 2478 Nervus
554 2408 740 2486 abducens.
783 2407 915 2472 Nervus
939 2406 1048 2470 oritur
1067 2406 1104 2470 in
1128 2411 1277 2494 margine
1299 2405 1480 2498 posteriori
1509 2405 1623 2495 pontis
1643 2399 1845 2490 Verolil,
1868 2405 2042 2476 nonnullis

353 2520 565 2600 =filanrentis.
588 2521 671 2589 ortis
691 2519 728 2582 in
748 2505 862 2592 sulco,
884 2515 944 2606 qui
962 2529 1106 2605 'pontem
1122 2515 1369 2587 abominandis
1391 2519 1658 2609 pyramidalibus
1678 2529 1824 2610 separat.
1867 2519 1909 2586 ln
1928 2515 2040 2605 Talpa

357 2625 490 2702 Carus
515 2651 591 2700 eum
610 2655 681 2698 nnn
702 2621 854 2694 iuvenita
878 2619 936 2690 liin
951 2639 989 2689 nt
1009 2627 1047 2692 in
1067 2627 1246 2704 omnibus,
1268 2626 1306 2693 in
1333 2626 1487 2694 musculo
1506 2626 1697 2697 abductore
1716 2628 1854 2697 desinit·

402 2743 535 2814 Nervus
556 2738 696 2806 facialis.
737 2735 781 2802 ln
799 2734 1038 2803 Mammalib'as
1061 2753 1098 2802 ut
1114 2737 1154 2804 in
1175 2737 1315 2806 homine
1336 2753 1407 2806 sese
1428 2731 1562 2816 hauet.
1583 2753 1724 2827 praeter
1746 2755 1869 2830 parvas
1894 2734 2041 2806 dirersi-

351 2867 442 2919 tates
468 2875 488 2917 a
513 2850 612 2916 variis
633 2845 749 2915 formis
769 2831 1018 2932 dependentes·
1057 2845 1292 2918 'Curierius
1321 2872 1398 2916 eum
1415 2847 1601 2938 praecipue
1620 2848 1831 2933 investigavit
1852 2847 1887 2912 in
1911 2845 2040 2930 vitulo,

352 2980 396 3031 'et
430 2983 473 3029 ex
509 2958 618 3025 hacce
646 2956 892 3048 monograplria
925 2956 1092 3049 quaedam
1136 2957 1195 3025 lain
1234 2956 1477 3028 transferamus
1511 2957 1725 3052 pertalisrias
1756 2959 1795 3024 in
1827 2956 1948 3036 sulco,
1982 2957 2045 3050 qui
2107 3031 2114 3036 ,

353 3088 499 3162 pontem
517 3067 701 3137 Varolii
731 3091 750 3130 a
774 3065 925 3132 medulla
954 3065 1136 3152 oblongrta
1167 3085 1329 3158 separat.
1357 3071 1534 3142 oritana
1563 3069 1681 3136 eranio
1709 3067 1780 3134 exit
1803 3067 2043 3157 perforamen

350 3177 406 3247 ad
431 3175 529 3244 basin
560 3173 743 3264 apophysis
767 3172 972 3256 mrstoidei;
1008 3197 1112 3260 supra
1134 3169 1330 3258 glandularia
1358 3173 1573 3262 parotidem,
1601 3174 1799 3244 enimultra
1818 3197 1929 3243 ramos
1956 3174 2044 3260 dat,

358 3286 548 3370 decurrit,
576 3275 619 3350 iri
654 3303 696 3348 eo
733 3281 810 3348 loeo
842 3279 903 3346 uni
938 3279 1133 3376 parotidena
1174 3295 1400 3367 transgressas
1440 3299 1517 3365 est,
1556 3307 1665 3352 unam
1706 3283 1932 3374 praeeipuam
1970 3282 2046 3352 edit

354 3417 512 3480 samum,
536 3395 597 3486 qui
613 3391 839 3460 anastomnsin
855 3387 941 3460 'facit
960 3413 1038 3462 enm
1055 3389 1122 3458 alio
1144 3391 1230 3459 rami
1248 3394 1431 3462 maxillaris
1446 3393 1632 3464 inlerioris.
1675 3394 1781 3464 Porro
1801 3417 1872 3462 sese
1893 3397 1932 3464 in
1955 3417 2046 3488 qus·

354 3527 438 3580 soor
466 3527 579 3576 ramos
609 3501 760 3585 dividit,
794 3500 863 3569 due
892 3519 972 3570 ante
995 3523 1111 3570 sarem
1136 3505 1356 3574 adscendent
1384 3522 1419 3574 et
1446 3505 1490 3571 ad
1522 3519 1637 3594 partes
1659 3506 1854 3596 superiores
1886 3501 2043 3576 laterales

354 3617 564 3712 posteriores
586 3614 733 3682 tendunt
748 3613 870 3700 faciei,
891 3613 976 3684 dnm
997 3614 1054 3684 alii
1073 3617 1113 3685 in
1134 3617 1289 3707 partibus
1310 3615 1539 3685 anterioribus
1561 3613 1667 3680 linem
1689 3613 1831 3684 habena

397 3729 548 3800 inferior
570 3749 742 3794 ramos-nm
757 3745 829 3797 sese
850 3725 975 3796 dividit
997 3729 1036 3794 in
1053 3729 1179 3813 ramis,
1202 3730 1263 3820 qui
1292 3745 1369 3797 anm
1393 3725 1579 3794 filamensis
1611 3723 1711 3793 uersi
1730 3725 1889 3794 mentalis
1910 3743 2045 3800 anast&

353 3843 469 3913 nasia
491 3841 633 3908 laniunt.
676 3839 810 3906 Nervus
828 3836 958 3904 lanialis
976 3835 1044 3906 laon
1068 3838 1242 3932 peculiare
1259 3837 1381 3920 auara,
1405 3835 1499 3927 qnod
1519 3834 1690 3904 eduabns
1709 3837 1821 3903 oritur
1844 3836 2045 3929 radicibus,

357 3961 428 4022 iana
441 3953 601 4046 portione
620 3951 706 4017 dura
727 3949 826 4018 nervi
844 3949 1009 4034 senstioi,
1031 3947 1138 4018 altera
1164 3950 1336 4019 ridetur-e
1353 3952 1485 4039 ganglio
1509 3949 1608 4017 nervi
1624 3945 1698 4035 vagi
1719 3945 1814 4015 oriri.

401 4063 535 4134 Nervus
557 4061 736 4130 seusticus.
777 4063 820 4130 ln
841 4061 1030 4128 hominess
1053 4061 1090 4126 in
1111 4059 1351 4130 Mammaliba's
1370 4061 1461 4128 idem
1493 4061 1566 4129 lere
1593 4059 1700 4128 hahet
1720 4075 1835 4128 ortum
1852 4070 1888 4128 et
1908 4058 2040 4132 denar*

354 4201 458 4266 sam,
480 4195 606 4244 nereus
628 4172 898 4260 salmantini
921 4169 1198 4255 aisiamenta
1222 4169 1562 4260 videturegangliia
1592 4170 1661 4239 aire
1683 4167 1777 4238 striis
1800 4169 1878 4258 (a)
1896 4169 1935 4238 in
1953 4191 2044 4243 ren·

388 4463 408 4536 ·(
418 4459 449 4533 r)
473 4443 674 4514 Proelrasia
685 4447 752 4508 uate
762 4437 886 4528 apiniani
900 4457 962 4508 nois
978 4443 1071 4521 rarat,
1081 4445 1161 4526 qnod
1171 4455 1276 4528 nempe
1287 4437 1344 4508 iae
1356 4447 1439 4508 atr-iae
1455 4444 1779 4508 annuissemus
1791 4449 1895 4507 niem
1911 4447 2046 4510 nudus

357 4551 547 4628 &maenaa
567 4547 635 4608 dieit
646 4543 741 4602 enims
761 4565 777 4597 ι
789 4559 840 4619 ega
860 4551 1011 4620 postquam
1023 4541 1168 4603 multoties
1188 4542 1218 4600 in
1235 4543 1323 4603 lineas
1341 4543 1404 4602 illas
1414 4545 1585 4603 medullam
1599 4543 1630 4601 in
1643 4551 1746 4620 quarto
1757 4543 1914 4604 ammom
1927 4543 2047 4622 inquisit

360 4651 486 4718 nm,
504 4642 596 4702 diuae
616 4657 732 4718 possum
744 4657 802 4696 noa
818 4654 931 4714 semper
947 4637 1009 4698 illas
1020 4639 1051 4697 in
1067 4638 1203 4716 originem
1220 4640 1302 4702 narsi
1316 4638 1429 4698 arastini
1452 4637 1546 4698 rnollis
1565 4635 1722 4712 minui,
1745 4655 1950 4716 mnnqnaaa
1968 4639 2046 4700 sain

355 4739 448 4822 'aab
463 4755 573 4817 snpra,
592 4729 897 4814 nonunquampsulo
916 4729 992 4794 ial'ra
1013 4731 1171 4811 dalnart,
1190 4731 1231 4794 lis
1248 4741 1283 4794 ttl
1302 4749 1340 4794 ss
1360 4731 1406 4793 lais
1430 4731 1672 4799 emendadum
1691 4729 1764 4794 affl
1785 4733 2049 4813 pultadum!-

1342 4827 1403 4888 Η
2004 4823 2048 4898 hs
