<?xml version="1.0" encoding="UTF-8"?>
<!DOCTYPE html PUBLIC "-//W3C//DTD XHTML 1.0 Transitional//EN"
    "http://www.w3.org/TR/xhtml1/DTD/xhtml1-transitional.dtd">
<html xmlns="http://www.w3.org/1999/xhtml" xml:lang="en" lang="en">
 <head>
  <title>
</title>
<meta http-equiv="Content-Type" content="text/html;charset=utf-8" />
  <meta name='ocr-system' content='tesseract 3.04.00' />
  <meta name='ocr-capabilities' content='ocr_page ocr_carea ocr_par ocr_line ocrx_word'/>
</head>
<body>
  <div class='ocr_page' id='page_1' title='image "./carolimarinigil00giltgoog_0034.png"; bbox 0 0 4992 6138; ppageno 0'>
   <div class='ocr_carea' id='block_1_1' title="bbox 599 517 2033 790">
    <p class='ocr_par' dir='ltr' id='par_1_1' title="bbox 599 517 2033 790">
     <span class='ocr_line' id='line_1_1' title="bbox 599 517 2033 613; baseline -0.004 -18"><span class='ocrx_word' id='word_1_1' title='bbox 599 517 958 595; x_wconf 76' lang='lat' dir='ltr'><strong>COMMENTATIO</strong></span> <span class='ocrx_word' id='word_1_2' title='bbox 991 535 1043 588; x_wconf 68' lang='lat' dir='ltr'>ln</span> <span class='ocrx_word' id='word_1_3' title='bbox 1073 517 1418 608; x_wconf 78' lang='lat' dir='ltr'>QUAESTlONEM</span> <span class='ocrx_word' id='word_1_4' title='bbox 1450 517 1778 590; x_wconf 77' lang='lat' dir='ltr'>ZOOLOGICAM.</span> <span class='ocrx_word' id='word_1_5' title='bbox 1991 541 2033 613; x_wconf 75' lang='lat'>⁹9</span> 
     </span>
     <span class='ocr_line' id='line_1_2' title="bbox 1153 708 1205 790; baseline 0.077 -4"><span class='ocrx_word' id='word_1_6' title='bbox 1153 708 1205 790; x_wconf 87' lang='grc' dir='ltr'>Ι).</span> 
     </span>
    </p>
   </div>
   <div class='ocr_carea' id='block_1_2' title="bbox 1026 884 1353 966">
    <p class='ocr_par' dir='ltr' id='par_1_2' title="bbox 1026 884 1353 966">
     <span class='ocr_line' id='line_1_3' title="bbox 1026 884 1353 966; baseline -0.021 -1"><span class='ocrx_word' id='word_1_7' title='bbox 1026 893 1130 966; x_wconf 78' lang='lat' dir='ltr'>eum</span> <span class='ocrx_word' id='word_1_8' title='bbox 1164 884 1353 962; x_wconf 79' lang='lat' dir='ltr'>sauriir.</span> 
     </span>
    </p>
   </div>
   <div class='ocr_carea' id='block_1_3' title="bbox 298 1079 2038 3964">
    <p class='ocr_par' dir='ltr' id='par_1_3' title="bbox 386 1079 994 1157">
     <span class='ocr_line' id='line_1_4' title="bbox 386 1079 994 1157; baseline -0.012 0"><span class='ocrx_word' id='word_1_9' title='bbox 386 1089 433 1157; x_wconf 88' lang='lat' dir='ltr'>Et</span> <span class='ocrx_word' id='word_1_10' title='bbox 453 1083 570 1156; x_wconf 86' lang='lat' dir='ltr'>exilio</span> <span class='ocrx_word' id='word_1_11' title='bbox 586 1079 709 1152; x_wconf 89' lang='lat' dir='ltr'>ordine</span> <span class='ocrx_word' id='word_1_12' title='bbox 732 1104 811 1152; x_wconf 88' lang='lat' dir='ltr'>cum</span> <span class='ocrx_word' id='word_1_13' title='bbox 828 1081 994 1150; x_wconf 80' lang='lat' dir='ltr'>Lucertis.</span> 
     </span>
    </p>

    <p class='ocr_par' dir='ltr' id='par_1_4' title="bbox 343 1189 2030 1512">
     <span class='ocr_line' id='line_1_5' title="bbox 389 1189 2029 1286; baseline -0.007 -18"><span class='ocrx_word' id='word_1_14' title='bbox 389 1202 578 1268; x_wconf 88' lang='lat' dir='ltr'>Cerebrnm</span> <span class='ocrx_word' id='word_1_15' title='bbox 596 1202 633 1263; x_wconf 91' lang='lat' dir='ltr'>iu</span> <span class='ocrx_word' id='word_1_16' title='bbox 653 1195 721 1263; x_wconf 91' lang='lat' dir='ltr'>boc</span> <span class='ocrx_word' id='word_1_17' title='bbox 741 1193 865 1261; x_wconf 82' lang='lat' dir='ltr'>ordine</span> <span class='ocrx_word' id='word_1_18' title='bbox 886 1193 970 1259; x_wconf 91' lang='lat' dir='ltr'>dum</span> <span class='ocrx_word' id='word_1_19' title='bbox 984 1209 1103 1285; x_wconf 82' lang='lat' dir='ltr'>typum</span> <span class='ocrx_word' id='word_1_20' title='bbox 1127 1193 1369 1286; x_wconf 79' lang='lat' dir='ltr'>perfectiorem</span> <span class='ocrx_word' id='word_1_21' title='bbox 1392 1191 1555 1277; x_wconf 86' lang='lat' dir='ltr'>exbibet,</span> <span class='ocrx_word' id='word_1_22' title='bbox 1578 1194 1683 1281; x_wconf 74' lang='lat' dir='ltr'>magis</span> <span class='ocrx_word' id='word_1_23' title='bbox 1707 1219 1727 1262; x_wconf 85' lang='lat' dir='ltr'>a</span> <span class='ocrx_word' id='word_1_24' title='bbox 1749 1191 1891 1263; x_wconf 86' lang='lat' dir='ltr'>cerebro</span> <span class='ocrx_word' id='word_1_25' title='bbox 1912 1189 2029 1259; x_wconf 87' lang='lat' dir='ltr'>Esoois</span> 
     </span>
     <span class='ocr_line' id='line_1_6' title="bbox 345 1303 2026 1395; baseline -0.007 -14"><span class='ocrx_word' id='word_1_26' title='bbox 345 1313 444 1381; x_wconf 87' lang='lat' dir='ltr'>Lucii</span> <span class='ocrx_word' id='word_1_27' title='bbox 471 1310 587 1379; x_wconf 86' lang='lat' dir='ltr'>distet.</span> <span class='ocrx_word' id='word_1_28' title='bbox 634 1309 776 1376; x_wconf 81' lang='lat' dir='ltr'>Lacerta</span> <span class='ocrx_word' id='word_1_29' title='bbox 792 1305 918 1390; x_wconf 81' lang='lat' dir='ltr'>ignens</span> <span class='ocrx_word' id='word_1_30' title='bbox 936 1319 972 1370; x_wconf 88' lang='lat' dir='ltr'>et</span> <span class='ocrx_word' id='word_1_31' title='bbox 996 1307 1138 1377; x_wconf 81' lang='lat' dir='ltr'>Lacerta</span> <span class='ocrx_word' id='word_1_32' title='bbox 1170 1303 1393 1388; x_wconf 81' lang='lat' dir='ltr'><strong>Crocodilus,</strong></span> <span class='ocrx_word' id='word_1_33' title='bbox 1417 1327 1501 1395; x_wconf 85' lang='lat' dir='ltr'>ques</span> <span class='ocrx_word' id='word_1_34' title='bbox 1531 1307 1663 1395; x_wconf 88' lang='lat' dir='ltr'>species</span> <span class='ocrx_word' id='word_1_35' title='bbox 1682 1305 1846 1374; x_wconf 88' lang='lat' dir='ltr'>dissecuit</span> <span class='ocrx_word' id='word_1_36' title='bbox 1871 1305 2026 1385; x_wconf 85' lang='lat' dir='ltr'>Gerus,</span> 
     </span>
     <span class='ocr_line' id='line_1_7' title="bbox 343 1415 2030 1512; baseline -0.006 -20"><span class='ocrx_word' id='word_1_37' title='bbox 343 1425 375 1492; x_wconf 91' lang='lat' dir='ltr'>ei</span> <span class='ocrx_word' id='word_1_38' title='bbox 391 1421 585 1512; x_wconf 81' lang='lat' dir='ltr'>exemplum</span> <span class='ocrx_word' id='word_1_39' title='bbox 603 1419 707 1506; x_wconf 88' lang='lat' dir='ltr'>hujus</span> <span class='ocrx_word' id='word_1_40' title='bbox 722 1416 853 1486; x_wconf 88' lang='lat' dir='ltr'>ordinis</span> <span class='ocrx_word' id='word_1_41' title='bbox 869 1415 1128 1506; x_wconf 79' lang='lat' dir='ltr'>praebuerunt3</span> <span class='ocrx_word' id='word_1_42' title='bbox 1155 1442 1224 1510; x_wconf 85' lang='lat' dir='ltr'>quo</span> <span class='ocrx_word' id='word_1_43' title='bbox 1242 1418 1346 1486; x_wconf 84' lang='lat' dir='ltr'>etiem</span> <span class='ocrx_word' id='word_1_44' title='bbox 1364 1439 1426 1483; x_wconf 91' lang='lat' dir='ltr'>nos</span> <span class='ocrx_word' id='word_1_45' title='bbox 1445 1431 1484 1482; x_wconf 87' lang='lat' dir='ltr'>ut</span> <span class='ocrx_word' id='word_1_46' title='bbox 1501 1431 1583 1508; x_wconf 85' lang='lat' dir='ltr'>typo</span> <span class='ocrx_word' id='word_1_47' title='bbox 1603 1420 1864 1508; x_wconf 85' lang='lat' dir='ltr'>comparationis</span> <span class='ocrx_word' id='word_1_48' title='bbox 1878 1433 2030 1484; x_wconf 85' lang='lat' dir='ltr'>utemur.</span> 
     </span>
    </p>

    <p class='ocr_par' dir='ltr' id='par_1_5' title="bbox 298 1527 2031 1955">
     <span class='ocr_line' id='line_1_8' title="bbox 386 1527 2028 1628; baseline -0.006 -25"><span class='ocrx_word' id='word_1_49' title='bbox 386 1537 499 1604; x_wconf 85' lang='lat' dir='ltr'>Messa</span> <span class='ocrx_word' id='word_1_50' title='bbox 519 1533 644 1628; x_wconf 82' lang='lat' dir='ltr'>prime.</span> <span class='ocrx_word' id='word_1_51' title='bbox 688 1531 730 1599; x_wconf 89' lang='lat' dir='ltr'>in</span> <span class='ocrx_word' id='word_1_52' title='bbox 759 1529 925 1598; x_wconf 87' lang='lat' dir='ltr'>smbobue</span> <span class='ocrx_word' id='word_1_53' title='bbox 953 1529 1157 1597; x_wconf 75' lang='lat' dir='ltr'><strong>animalibus</strong></span> <span class='ocrx_word' id='word_1_54' title='bbox 1186 1553 1373 1618; x_wconf 81' lang='lat' dir='ltr'>permagna</span> <span class='ocrx_word' id='word_1_55' title='bbox 1395 1544 1503 1596; x_wconf 88' lang='lat' dir='ltr'>estet</span> <span class='ocrx_word' id='word_1_56' title='bbox 1537 1529 1670 1598; x_wconf 90' lang='lat' dir='ltr'>duobus</span> <span class='ocrx_word' id='word_1_57' title='bbox 1705 1549 1838 1600; x_wconf 88' lang='lat' dir='ltr'>constet</span> <span class='ocrx_word' id='word_1_58' title='bbox 1865 1527 2028 1618; x_wconf 79' lang='lat' dir='ltr'>gengliis,</span> 
     </span>
     <span class='ocr_line' id='line_1_9' title="bbox 298 1637 2029 1736; baseline -0.005 -22"><span class='ocrx_word' id='word_1_59' title='bbox 298 1705 303 1714; x_wconf 93' lang='lat'><em>.</em></span> <span class='ocrx_word' id='word_1_60' title='bbox 345 1667 432 1734; x_wconf 82' lang='lat' dir='ltr'>quse</span> <span class='ocrx_word' id='word_1_61' title='bbox 449 1642 637 1736; x_wconf 77' lang='lat' dir='ltr'>posteriora</span> <span class='ocrx_word' id='word_1_62' title='bbox 660 1665 775 1714; x_wconf 80' lang='lat' dir='ltr'>versus</span> <span class='ocrx_word' id='word_1_63' title='bbox 797 1637 1015 1709; x_wconf 85' lang='lat' dir='ltr'>commissuri</span> <span class='ocrx_word' id='word_1_64' title='bbox 1032 1655 1116 1705; x_wconf 92' lang='lat' dir='ltr'>sunt</span> <span class='ocrx_word' id='word_1_65' title='bbox 1133 1641 1338 1724; x_wconf 76' lang='lat' dir='ltr'>conjunctas</span> <span class='ocrx_word' id='word_1_66' title='bbox 1365 1639 1403 1706; x_wconf 90' lang='lat' dir='ltr'>in</span> <span class='ocrx_word' id='word_1_67' title='bbox 1424 1657 1572 1732; x_wconf 86' lang='lat' dir='ltr'>utroque</span> <span class='ocrx_word' id='word_1_68' title='bbox 1591 1640 1686 1710; x_wconf 85' lang='lat' dir='ltr'>adest</span> <span class='ocrx_word' id='word_1_69' title='bbox 1706 1642 1917 1710; x_wconf 78' lang='lat' dir='ltr'>ventriculus</span> <span class='ocrx_word' id='word_1_70' title='bbox 1951 1663 2029 1706; x_wconf 90' lang='lat' dir='ltr'>me·</span> 
     </span>
     <span class='ocr_line' id='line_1_10' title="bbox 343 1749 2031 1848; baseline -0.005 -24"><span class='ocrx_word' id='word_1_71' title='bbox 343 1779 429 1846; x_wconf 80' lang='lat' dir='ltr'>gnus</span> <span class='ocrx_word' id='word_1_72' title='bbox 453 1777 531 1824; x_wconf 90' lang='lat' dir='ltr'>cum</span> <span class='ocrx_word' id='word_1_73' title='bbox 561 1756 743 1848; x_wconf 74' lang='lat' dir='ltr'>posteriori</span> <span class='ocrx_word' id='word_1_74' title='bbox 769 1768 952 1844; x_wconf 80' lang='lat' dir='ltr'>apertura,</span> <span class='ocrx_word' id='word_1_75' title='bbox 978 1766 1014 1820; x_wconf 88' lang='lat' dir='ltr'>et</span> <span class='ocrx_word' id='word_1_76' title='bbox 1033 1752 1071 1818; x_wconf 90' lang='lat' dir='ltr'>in</span> <span class='ocrx_word' id='word_1_77' title='bbox 1097 1750 1138 1818; x_wconf 89' lang='lat' dir='ltr'>iis</span> <span class='ocrx_word' id='word_1_78' title='bbox 1166 1749 1365 1818; x_wconf 79' lang='lat' dir='ltr'>ventriculis</span> <span class='ocrx_word' id='word_1_79' title='bbox 1402 1775 1561 1841; x_wconf 81' lang='lat' dir='ltr'>magnum</span> <span class='ocrx_word' id='word_1_80' title='bbox 1584 1753 1681 1822; x_wconf 81' lang='lat' dir='ltr'>adest</span> <span class='ocrx_word' id='word_1_81' title='bbox 1707 1753 1867 1842; x_wconf 76' lang='lat' dir='ltr'>gangliou</span> <span class='ocrx_word' id='word_1_82' title='bbox 1893 1751 2031 1842; x_wconf 85' lang='lat' dir='ltr'>corpori</span> 
     </span>
     <span class='ocr_line' id='line_1_11' title="bbox 340 1865 662 1955; baseline -0.009 -18"><span class='ocrx_word' id='word_1_83' title='bbox 340 1870 459 1937; x_wconf 85' lang='lat' dir='ltr'>striato</span> <span class='ocrx_word' id='word_1_84' title='bbox 472 1865 662 1955; x_wconf 72' lang='lat' dir='ltr'>analogum.</span> 
     </span>
    </p>

    <p class='ocr_par' dir='ltr' id='par_1_6' title="bbox 342 1971 2033 3174">
     <span class='ocr_line' id='line_1_12' title="bbox 385 1971 2033 2067; baseline -0.007 -17"><span class='ocrx_word' id='word_1_85' title='bbox 385 1981 500 2050; x_wconf 82' lang='lat' dir='ltr'>Messe</span> <span class='ocrx_word' id='word_1_86' title='bbox 521 1979 685 2046; x_wconf 81' lang='lat' dir='ltr'>secunda.</span> <span class='ocrx_word' id='word_1_87' title='bbox 729 1977 873 2045; x_wconf 84' lang='lat' dir='ltr'>Constat</span> <span class='ocrx_word' id='word_1_88' title='bbox 895 1971 1062 2041; x_wconf 88' lang='lat' dir='ltr'>eduebus</span> <span class='ocrx_word' id='word_1_89' title='bbox 1084 1975 1263 2067; x_wconf 86' lang='lat' dir='ltr'>pertibus,</span> <span class='ocrx_word' id='word_1_90' title='bbox 1287 1997 1306 2042; x_wconf 91' lang='lat' dir='ltr'>e</span> <span class='ocrx_word' id='word_1_91' title='bbox 1335 1973 1468 2062; x_wconf 84' lang='lat' dir='ltr'>ganglia</span> <span class='ocrx_word' id='word_1_92' title='bbox 1497 1974 1847 2066; x_wconf 76' lang='lat' dir='ltr'>hemisphaeriorum</span> <span class='ocrx_word' id='word_1_93' title='bbox 1872 1991 1907 2042; x_wconf 88' lang='lat' dir='ltr'>et</span> <span class='ocrx_word' id='word_1_94' title='bbox 1929 1973 2033 2038; x_wconf 87' lang='lat' dir='ltr'>lobu-</span> 
     </span>
     <span class='ocr_line' id='line_1_13' title="bbox 342 2085 2031 2179; baseline -0.002 -21"><span class='ocrx_word' id='word_1_95' title='bbox 342 2093 385 2159; x_wconf 93' lang='lat' dir='ltr'>lis</span> <span class='ocrx_word' id='word_1_96' title='bbox 404 2089 551 2179; x_wconf 77' lang='lat' dir='ltr'>opticis:</span> <span class='ocrx_word' id='word_1_97' title='bbox 575 2109 662 2177; x_wconf 86' lang='lat' dir='ltr'>quae</span> <span class='ocrx_word' id='word_1_98' title='bbox 677 2101 793 2175; x_wconf 85' lang='lat' dir='ltr'>partes</span> <span class='ocrx_word' id='word_1_99' title='bbox 817 2107 895 2152; x_wconf 87' lang='lat' dir='ltr'>cum</span> <span class='ocrx_word' id='word_1_100' title='bbox 918 2085 1042 2155; x_wconf 89' lang='lat' dir='ltr'>iisdem</span> <span class='ocrx_word' id='word_1_101' title='bbox 1064 2089 1102 2154; x_wconf 93' lang='lat' dir='ltr'>in</span> <span class='ocrx_word' id='word_1_102' title='bbox 1127 2089 1287 2156; x_wconf 88' lang='lat' dir='ltr'>Colubrie</span> <span class='ocrx_word' id='word_1_103' title='bbox 1311 2101 1346 2154; x_wconf 88' lang='lat' dir='ltr'>et</span> <span class='ocrx_word' id='word_1_104' title='bbox 1374 2087 1622 2156; x_wconf 86' lang='lat' dir='ltr'>Testudinibus</span> <span class='ocrx_word' id='word_1_105' title='bbox 1643 2095 1863 2159; x_wconf 82' lang='lat' dir='ltr'>conveniunt.</span> <span class='ocrx_word' id='word_1_106' title='bbox 1909 2091 1948 2156; x_wconf 92' lang='lat' dir='ltr'>lu</span> <span class='ocrx_word' id='word_1_107' title='bbox 1964 2091 2031 2154; x_wconf 88' lang='lat' dir='ltr'>hoc</span> 
     </span>
     <span class='ocr_line' id='line_1_14' title="bbox 347 2196 2031 2289; baseline -0.002 -20"><span class='ocrx_word' id='word_1_108' title='bbox 347 2200 469 2270; x_wconf 84' lang='lat' dir='ltr'>ordine</span> <span class='ocrx_word' id='word_1_109' title='bbox 489 2214 603 2264; x_wconf 87' lang='lat' dir='ltr'>temen</span> <span class='ocrx_word' id='word_1_110' title='bbox 625 2196 784 2284; x_wconf 78' lang='lat' dir='ltr'>genglion</span> <span class='ocrx_word' id='word_1_111' title='bbox 807 2196 1156 2288; x_wconf 74' lang='lat' dir='ltr'>hemisphaeriorum</span> <span class='ocrx_word' id='word_1_112' title='bbox 1189 2198 1291 2284; x_wconf 83' lang='lat' dir='ltr'>magis</span> <span class='ocrx_word' id='word_1_113' title='bbox 1320 2198 1384 2262; x_wconf 88' lang='lat' dir='ltr'>sub</span> <span class='ocrx_word' id='word_1_114' title='bbox 1412 2199 1495 2286; x_wconf 90' lang='lat' dir='ltr'>ipsis</span> <span class='ocrx_word' id='word_1_115' title='bbox 1518 2199 1797 2289; x_wconf 83' lang='lat' dir='ltr'>haemisphaeriis</span> <span class='ocrx_word' id='word_1_116' title='bbox 1827 2205 1916 2288; x_wconf 81' lang='lat' dir='ltr'>jacet</span> <span class='ocrx_word' id='word_1_117' title='bbox 1938 2218 1973 2266; x_wconf 90' lang='lat' dir='ltr'>et</span> <span class='ocrx_word' id='word_1_118' title='bbox 1993 2201 2031 2266; x_wconf 89' lang='lat' dir='ltr'>in</span> 
     </span>
     <span class='ocr_line' id='line_1_15' title="bbox 347 2305 2031 2398; baseline -0.005 -17"><span class='ocrx_word' id='word_1_119' title='bbox 347 2305 652 2381; x_wconf 86' lang='lat' dir='ltr'>Crocodiloetiem</span> <span class='ocrx_word' id='word_1_120' title='bbox 677 2305 787 2376; x_wconf 90' lang='lat' dir='ltr'>lobuli</span> <span class='ocrx_word' id='word_1_121' title='bbox 811 2308 919 2398; x_wconf 85' lang='lat' dir='ltr'>optici</span> <span class='ocrx_word' id='word_1_122' title='bbox 949 2309 1117 2396; x_wconf 76' lang='lat' dir='ltr'>pentima</span> <span class='ocrx_word' id='word_1_123' title='bbox 1148 2305 1319 2375; x_wconf 88' lang='lat' dir='ltr'>cerebello</span> <span class='ocrx_word' id='word_1_124' title='bbox 1342 2323 1424 2384; x_wconf 77' lang='lat' dir='ltr'>suut</span> <span class='ocrx_word' id='word_1_125' title='bbox 1449 2307 1542 2374; x_wconf 87' lang='lat' dir='ltr'>tecti.</span> <span class='ocrx_word' id='word_1_126' title='bbox 1585 2309 1627 2374; x_wconf 91' lang='lat' dir='ltr'>Iu</span> <span class='ocrx_word' id='word_1_127' title='bbox 1660 2310 1844 2380; x_wconf 91' lang='lat' dir='ltr'>Crocodilo</span> <span class='ocrx_word' id='word_1_128' title='bbox 1873 2307 2031 2396; x_wconf 75' lang='lat' dir='ltr'>genglion</span> 
     </span>
     <span class='ocr_line' id='line_1_16' title="bbox 342 2415 2032 2512; baseline -0.005 -20"><span class='ocrx_word' id='word_1_129' title='bbox 342 2416 694 2512; x_wconf 82' lang='lat' dir='ltr'>haemisphaeriorum</span> <span class='ocrx_word' id='word_1_130' title='bbox 725 2417 836 2484; x_wconf 91' lang='lat' dir='ltr'>miuus</span> <span class='ocrx_word' id='word_1_131' title='bbox 858 2415 962 2485; x_wconf 91' lang='lat' dir='ltr'>hebet</span> <span class='ocrx_word' id='word_1_132' title='bbox 995 2417 1169 2500; x_wconf 80' lang='lat' dir='ltr'>volumen,</span> <span class='ocrx_word' id='word_1_133' title='bbox 1193 2441 1296 2510; x_wconf 81' lang='lat' dir='ltr'>quem</span> <span class='ocrx_word' id='word_1_134' title='bbox 1322 2415 1431 2484; x_wconf 90' lang='lat' dir='ltr'>lobuli</span> <span class='ocrx_word' id='word_1_135' title='bbox 1455 2417 1580 2510; x_wconf 87' lang='lat' dir='ltr'>optici,</span> <span class='ocrx_word' id='word_1_136' title='bbox 1612 2421 1707 2511; x_wconf 90' lang='lat' dir='ltr'>quod</span> <span class='ocrx_word' id='word_1_137' title='bbox 1735 2424 1869 2488; x_wconf 85' lang='lat' dir='ltr'>Carus</span> <span class='ocrx_word' id='word_1_138' title='bbox 1896 2442 2032 2484; x_wconf 80' lang='lat' dir='ltr'>causum</span> 
     </span>
     <span class='ocr_line' id='line_1_17' title="bbox 342 2526 2031 2622; baseline -0.005 -20"><span class='ocrx_word' id='word_1_139' title='bbox 342 2531 471 2602; x_wconf 86' lang='lat' dir='ltr'>bebere</span> <span class='ocrx_word' id='word_1_140' title='bbox 492 2527 579 2594; x_wconf 91' lang='lat' dir='ltr'>dicit</span> <span class='ocrx_word' id='word_1_141' title='bbox 601 2529 637 2594; x_wconf 89' lang='lat' dir='ltr'>iu</span> <span class='ocrx_word' id='word_1_142' title='bbox 662 2531 776 2597; x_wconf 76' lang='lat' dir='ltr'>nervis</span> <span class='ocrx_word' id='word_1_143' title='bbox 797 2530 939 2620; x_wconf 90' lang='lat' dir='ltr'>opticis‚</span> <span class='ocrx_word' id='word_1_144' title='bbox 963 2530 1065 2618; x_wconf 84' lang='lat' dir='ltr'>magis</span> <span class='ocrx_word' id='word_1_145' title='bbox 1085 2529 1122 2595; x_wconf 90' lang='lat' dir='ltr'>in</span> <span class='ocrx_word' id='word_1_146' title='bbox 1141 2550 1182 2595; x_wconf 92' lang='lat' dir='ltr'>ea</span> <span class='ocrx_word' id='word_1_147' title='bbox 1199 2529 1314 2620; x_wconf 86' lang='lat' dir='ltr'>specie</span> <span class='ocrx_word' id='word_1_148' title='bbox 1334 2526 1488 2595; x_wconf 79' lang='lat' dir='ltr'>evolutis.</span> <span class='ocrx_word' id='word_1_149' title='bbox 1532 2528 1707 2598; x_wconf 84' lang='lat' dir='ltr'>Glandule</span> <span class='ocrx_word' id='word_1_150' title='bbox 1720 2529 1863 2622; x_wconf 84' lang='lat' dir='ltr'>pincelis</span> <span class='ocrx_word' id='word_1_151' title='bbox 1882 2529 2031 2618; x_wconf 84' lang='lat' dir='ltr'>(Zirbel)</span> 
     </span>
     <span class='ocr_line' id='line_1_18' title="bbox 347 2635 2033 2734; baseline -0.004 -20"><span class='ocrx_word' id='word_1_152' title='bbox 347 2649 385 2714; x_wconf 89' lang='lat' dir='ltr'>in</span> <span class='ocrx_word' id='word_1_153' title='bbox 407 2638 592 2716; x_wconf 80' lang='lat' dir='ltr'>crocodilo</span> <span class='ocrx_word' id='word_1_154' title='bbox 612 2662 825 2710; x_wconf 87' lang='lat' dir='ltr'>communem</span> <span class='ocrx_word' id='word_1_155' title='bbox 842 2641 948 2709; x_wconf 90' lang='lat' dir='ltr'>hebet</span> <span class='ocrx_word' id='word_1_156' title='bbox 968 2641 1135 2721; x_wconf 67' lang='lat' dir='ltr'>formems</span> <span class='ocrx_word' id='word_1_157' title='bbox 1157 2641 1195 2708; x_wconf 90' lang='lat' dir='ltr'>in</span> <span class='ocrx_word' id='word_1_158' title='bbox 1211 2641 1337 2727; x_wconf 83' lang='lat' dir='ltr'>lguune</span> <span class='ocrx_word' id='word_1_159' title='bbox 1357 2636 1501 2705; x_wconf 78' lang='lat' dir='ltr'>formem</span> <span class='ocrx_word' id='word_1_160' title='bbox 1525 2635 1681 2732; x_wconf 89' lang='lat' dir='ltr'>pluribus</span> <span class='ocrx_word' id='word_1_161' title='bbox 1710 2645 1826 2712; x_wconf 76' lang='lat' dir='ltr'>eribus</span> <span class='ocrx_word' id='word_1_162' title='bbox 1852 2644 2033 2734; x_wconf 86' lang='lat' dir='ltr'>propriam</span> 
     </span>
     <span class='ocr_line' id='line_1_19' title="bbox 344 2749 2031 2844; baseline -0.007 -17"><span class='ocrx_word' id='word_1_163' title='bbox 344 2756 505 2829; x_wconf 84' lang='lat' dir='ltr'>exhibet.</span> <span class='ocrx_word' id='word_1_164' title='bbox 529 2775 654 2844; x_wconf 86' lang='lat' dir='ltr'>nempe</span> <span class='ocrx_word' id='word_1_165' title='bbox 674 2749 822 2842; x_wconf 81' lang='lat' dir='ltr'>simplex</span> <span class='ocrx_word' id='word_1_166' title='bbox 846 2771 953 2818; x_wconf 87' lang='lat' dir='ltr'>messe</span> <span class='ocrx_word' id='word_1_167' title='bbox 971 2766 1024 2820; x_wconf 90' lang='lat' dir='ltr'>est</span> <span class='ocrx_word' id='word_1_168' title='bbox 1047 2750 1255 2818; x_wconf 84' lang='lat' dir='ltr'>substantiae</span> <span class='ocrx_word' id='word_1_169' title='bbox 1274 2772 1440 2836; x_wconf 83' lang='lat' dir='ltr'>nervose,</span> <span class='ocrx_word' id='word_1_170' title='bbox 1465 2751 1561 2844; x_wconf 86' lang='lat' dir='ltr'>quod</span> <span class='ocrx_word' id='word_1_171' title='bbox 1584 2767 1677 2819; x_wconf 88' lang='lat' dir='ltr'>certe</span> <span class='ocrx_word' id='word_1_172' title='bbox 1697 2751 1735 2818; x_wconf 92' lang='lat' dir='ltr'>in</span> <span class='ocrx_word' id='word_1_173' title='bbox 1762 2753 1887 2820; x_wconf 90' lang='lat' dir='ltr'>minori</span> <span class='ocrx_word' id='word_1_174' title='bbox 1907 2751 2031 2820; x_wconf 81' lang='lat' dir='ltr'>evolu-</span> 
     </span>
     <span class='ocr_line' id='line_1_20' title="bbox 349 2859 2033 2956; baseline -0.007 -15"><span class='ocrx_word' id='word_1_175' title='bbox 349 2875 442 2943; x_wconf 84' lang='lat' dir='ltr'>tione</span> <span class='ocrx_word' id='word_1_176' title='bbox 475 2863 604 2956; x_wconf 77' lang='lat' dir='ltr'>genglii</span> <span class='ocrx_word' id='word_1_177' title='bbox 630 2861 979 2952; x_wconf 78' lang='lat' dir='ltr'>hemisphaeriorum</span> <span class='ocrx_word' id='word_1_178' title='bbox 1006 2885 1140 2930; x_wconf 85' lang='lat' dir='ltr'>causam</span> <span class='ocrx_word' id='word_1_179' title='bbox 1162 2861 1289 2944; x_wconf 81' lang='lat' dir='ltr'>bebet3</span> <span class='ocrx_word' id='word_1_180' title='bbox 1325 2860 1373 2928; x_wconf 88' lang='lat' dir='ltr'>ita</span> <span class='ocrx_word' id='word_1_181' title='bbox 1392 2877 1431 2926; x_wconf 84' lang='lat' dir='ltr'>ut</span> <span class='ocrx_word' id='word_1_182' title='bbox 1448 2859 1631 2948; x_wconf 82' lang='lat' dir='ltr'>genglion,</span> <span class='ocrx_word' id='word_1_183' title='bbox 1656 2861 1753 2951; x_wconf 85' lang='lat' dir='ltr'>quasi</span> <span class='ocrx_word' id='word_1_184' title='bbox 1778 2863 2033 2930; x_wconf 83' lang='lat' dir='ltr'>commissuram</span> 
     </span>
     <span class='ocr_line' id='line_1_21' title="bbox 345 2969 2029 3066; baseline -0.01 -12"><span class='ocrx_word' id='word_1_185' title='bbox 345 2984 515 3062; x_wconf 85' lang='lat' dir='ltr'>efficiens,</span> <span class='ocrx_word' id='word_1_186' title='bbox 535 2997 655 3044; x_wconf 87' lang='lat' dir='ltr'>nonse</span> <span class='ocrx_word' id='word_1_187' title='bbox 682 2971 838 3042; x_wconf 79' lang='lat' dir='ltr'>evolvere</span> <span class='ocrx_word' id='word_1_188' title='bbox 861 2971 981 3066; x_wconf 82' lang='lat' dir='ltr'>possit.</span> <span class='ocrx_word' id='word_1_189' title='bbox 1024 2969 1290 3042; x_wconf 78' lang='lat' dir='ltr'>infundibulum</span> <span class='ocrx_word' id='word_1_190' title='bbox 1312 2989 1347 3040; x_wconf 89' lang='lat' dir='ltr'>et</span> <span class='ocrx_word' id='word_1_191' title='bbox 1369 2971 1583 3064; x_wconf 77' lang='lat' dir='ltr'>hypopbyeis</span> <span class='ocrx_word' id='word_1_192' title='bbox 1607 2974 1741 3046; x_wconf 80' lang='lat' dir='ltr'>cerebri</span> <span class='ocrx_word' id='word_1_193' title='bbox 1756 2969 1844 3041; x_wconf 89' lang='lat' dir='ltr'>nibil</span> <span class='ocrx_word' id='word_1_194' title='bbox 1866 2973 2029 3039; x_wconf 81' lang='lat' dir='ltr'>animad-</span> 
     </span>
     <span class='ocr_line' id='line_1_22' title="bbox 344 3075 1868 3174; baseline -0.012 -6"><span class='ocrx_word' id='word_1_195' title='bbox 344 3093 508 3174; x_wconf 72' lang='lat' dir='ltr'>versionis</span> <span class='ocrx_word' id='word_1_196' title='bbox 530 3087 673 3173; x_wconf 80' lang='lat' dir='ltr'>dignum</span> <span class='ocrx_word' id='word_1_197' title='bbox 688 3083 832 3153; x_wconf 82' lang='lat' dir='ltr'>hebent.</span> <span class='ocrx_word' id='word_1_198' title='bbox 1863 3075 1868 3086; x_wconf 83' lang='grc'><strong>’</strong></span> 
     </span>
    </p>

    <p class='ocr_par' dir='ltr' id='par_1_7' title="bbox 346 3191 2038 3723">
     <span class='ocr_line' id='line_1_23' title="bbox 387 3191 2031 3280; baseline -0.013 -1"><span class='ocrx_word' id='word_1_199' title='bbox 387 3212 502 3279; x_wconf 84' lang='lat' dir='ltr'>Messa</span> <span class='ocrx_word' id='word_1_200' title='bbox 520 3198 634 3268; x_wconf 85' lang='lat' dir='ltr'>tertie.</span> <span class='ocrx_word' id='word_1_201' title='bbox 677 3199 718 3264; x_wconf 88' lang='lat' dir='ltr'>Iu</span> <span class='ocrx_word' id='word_1_202' title='bbox 732 3197 858 3280; x_wconf 76' lang='lat' dir='ltr'>lgneus</span> <span class='ocrx_word' id='word_1_203' title='bbox 882 3211 1016 3262; x_wconf 83' lang='lat' dir='ltr'>tanturn</span> <span class='ocrx_word' id='word_1_204' title='bbox 1042 3210 1094 3260; x_wconf 87' lang='lat' dir='ltr'>est</span> <span class='ocrx_word' id='word_1_205' title='bbox 1111 3193 1242 3260; x_wconf 86' lang='lat' dir='ltr'>lemine</span> <span class='ocrx_word' id='word_1_206' title='bbox 1259 3191 1483 3280; x_wconf 85' lang='lat' dir='ltr'>medullaris,</span> <span class='ocrx_word' id='word_1_207' title='bbox 1514 3196 1643 3280; x_wconf 87' lang='lat' dir='ltr'>solide,</span> <span class='ocrx_word' id='word_1_208' title='bbox 1673 3195 1822 3261; x_wconf 85' lang='lat' dir='ltr'>exterius</span> <span class='ocrx_word' id='word_1_209' title='bbox 1841 3193 1948 3259; x_wconf 74' lang='lat' dir='ltr'>messi</span> <span class='ocrx_word' id='word_1_210' title='bbox 1976 3193 2031 3256; x_wconf 91' lang='lat' dir='ltr'>ci·</span> 
     </span>
     <span class='ocr_line' id='line_1_24' title="bbox 346 3300 2035 3396; baseline -0.015 -3"><span class='ocrx_word' id='word_1_211' title='bbox 346 3319 454 3392; x_wconf 74' lang='lat' dir='ltr'>nerei</span> <span class='ocrx_word' id='word_1_212' title='bbox 473 3326 589 3391; x_wconf 67' lang='lat' dir='ltr'>tectas</span> <span class='ocrx_word' id='word_1_213' title='bbox 613 3307 652 3371; x_wconf 91' lang='lat' dir='ltr'>in</span> <span class='ocrx_word' id='word_1_214' title='bbox 673 3300 857 3370; x_wconf 84' lang='lat' dir='ltr'>Crocodilo</span> <span class='ocrx_word' id='word_1_215' title='bbox 875 3320 926 3368; x_wconf 87' lang='lat' dir='ltr'>est</span> <span class='ocrx_word' id='word_1_216' title='bbox 940 3301 1098 3390; x_wconf 78' lang='lat' dir='ltr'>gengliou</span> <span class='ocrx_word' id='word_1_217' title='bbox 1120 3302 1358 3396; x_wconf 84' lang='lat' dir='ltr'>sphaericum,</span> <span class='ocrx_word' id='word_1_218' title='bbox 1382 3325 1521 3390; x_wconf 81' lang='lat' dir='ltr'>cavum,</span> <span class='ocrx_word' id='word_1_219' title='bbox 1543 3305 1692 3373; x_wconf 85' lang='lat' dir='ltr'>exterius</span> <span class='ocrx_word' id='word_1_220' title='bbox 1710 3319 1867 3372; x_wconf 85' lang='lat' dir='ltr'>constans</span> <span class='ocrx_word' id='word_1_221' title='bbox 1887 3325 1905 3368; x_wconf 92' lang='lat' dir='ltr'>e</span> <span class='ocrx_word' id='word_1_222' title='bbox 1925 3303 2035 3369; x_wconf 79' lang='lat' dir='ltr'>messi</span> 
     </span>
     <span class='ocr_line' id='line_1_25' title="bbox 350 3409 2038 3508; baseline -0.012 -7"><span class='ocrx_word' id='word_1_223' title='bbox 350 3426 499 3501; x_wconf 82' lang='lat' dir='ltr'>cinerei.</span> <span class='ocrx_word' id='word_1_224' title='bbox 542 3414 655 3488; x_wconf 75' lang='lat' dir='ltr'>Adest</span> <span class='ocrx_word' id='word_1_225' title='bbox 691 3413 794 3482; x_wconf 82' lang='lat' dir='ltr'>etiem</span> <span class='ocrx_word' id='word_1_226' title='bbox 817 3409 1012 3496; x_wconf 83' lang='lat' dir='ltr'>diameter,</span> <span class='ocrx_word' id='word_1_227' title='bbox 1044 3440 1112 3506; x_wconf 87' lang='lat' dir='ltr'>que</span> <span class='ocrx_word' id='word_1_228' title='bbox 1140 3415 1243 3502; x_wconf 81' lang='lat' dir='ltr'>magis</span> <span class='ocrx_word' id='word_1_229' title='bbox 1271 3417 1531 3508; x_wconf 79' lang='lat' dir='ltr'>appropinquet</span> <span class='ocrx_word' id='word_1_230' title='bbox 1560 3416 1740 3484; x_wconf 89' lang='lat' dir='ltr'>cerebrum</span> <span class='ocrx_word' id='word_1_231' title='bbox 1760 3413 1901 3498; x_wconf 78' lang='lat' dir='ltr'>evium3</span> <span class='ocrx_word' id='word_1_232' title='bbox 1935 3413 2038 3480; x_wconf 84' lang='lat' dir='ltr'>etiem</span> 
     </span>
     <span class='ocr_line' id='line_1_26' title="bbox 347 3523 2034 3617; baseline -0.013 -3"><span class='ocrx_word' id='word_1_233' title='bbox 347 3559 475 3614; x_wconf 76' lang='lat' dir='ltr'>meuse</span> <span class='ocrx_word' id='word_1_234' title='bbox 493 3527 653 3602; x_wconf 82' lang='lat' dir='ltr'>laterales</span> <span class='ocrx_word' id='word_1_235' title='bbox 674 3523 838 3596; x_wconf 79' lang='lat' dir='ltr'>cerebelli</span> <span class='ocrx_word' id='word_1_236' title='bbox 858 3525 897 3591; x_wconf 87' lang='lat' dir='ltr'>in</span> <span class='ocrx_word' id='word_1_237' title='bbox 916 3523 1061 3608; x_wconf 80' lang='lat' dir='ltr'>eribus,</span> <span class='ocrx_word' id='word_1_238' title='bbox 1085 3551 1173 3617; x_wconf 84' lang='lat' dir='ltr'>quae</span> <span class='ocrx_word' id='word_1_239' title='bbox 1200 3525 1303 3593; x_wconf 82' lang='lat' dir='ltr'>etiam</span> <span class='ocrx_word' id='word_1_240' title='bbox 1331 3524 1369 3593; x_wconf 90' lang='lat' dir='ltr'>iu</span> <span class='ocrx_word' id='word_1_241' title='bbox 1390 3527 1497 3599; x_wconf 83' lang='lat' dir='ltr'>Esoce</span> <span class='ocrx_word' id='word_1_242' title='bbox 1515 3531 1625 3600; x_wconf 83' lang='lat' dir='ltr'>Lucio</span> <span class='ocrx_word' id='word_1_243' title='bbox 1646 3525 1815 3604; x_wconf 84' lang='lat' dir='ltr'>vidimus.</span> <span class='ocrx_word' id='word_1_244' title='bbox 1838 3525 2034 3594; x_wconf 87' lang='lat' dir='ltr'>iu&#39;Croco-</span> 
     </span>
     <span class='ocr_line' id='line_1_27' title="bbox 349 3647 583 3723; baseline -0.056 -2"><span class='ocrx_word' id='word_1_245' title='bbox 349 3653 422 3723; x_wconf 88' lang='lat' dir='ltr'>dilo</span> <span class='ocrx_word' id='word_1_246' title='bbox 443 3647 583 3716; x_wconf 85' lang='lat' dir='ltr'>edsnnt.</span> 
     </span>
    </p>

    <p class='ocr_par' dir='ltr' id='par_1_8' title="bbox 350 3744 2038 3964">
     <span class='ocr_line' id='line_1_28' title="bbox 393 3744 2036 3856; baseline -0.008 -25"><span class='ocrx_word' id='word_1_247' title='bbox 393 3758 499 3856; x_wconf 89' lang='lat' dir='ltr'>Quod</span> <span class='ocrx_word' id='word_1_248' title='bbox 517 3754 561 3826; x_wconf 84' lang='lat' dir='ltr'>ed</span> <span class='ocrx_word' id='word_1_249' title='bbox 580 3751 722 3820; x_wconf 80' lang='lat' dir='ltr'>Nervos.</span> <span class='ocrx_word' id='word_1_250' title='bbox 765 3747 872 3816; x_wconf 83' lang='lat' dir='ltr'>Nervi</span> <span class='ocrx_word' id='word_1_251' title='bbox 888 3745 995 3840; x_wconf 89' lang='lat' dir='ltr'>optici</span> <span class='ocrx_word' id='word_1_252' title='bbox 1016 3744 1218 3838; x_wconf 86' lang='lat' dir='ltr'>plerumque</span> <span class='ocrx_word' id='word_1_253' title='bbox 1245 3762 1328 3815; x_wconf 87' lang='lat' dir='ltr'>snut</span> <span class='ocrx_word' id='word_1_254' title='bbox 1358 3751 1463 3818; x_wconf 76' lang='lat' dir='ltr'>mirre</span> <span class='ocrx_word' id='word_1_255' title='bbox 1491 3753 1705 3824; x_wconf 82' lang='lat' dir='ltr'>fortitudinis</span> <span class='ocrx_word' id='word_1_256' title='bbox 1730 3751 1827 3822; x_wconf 91' lang='lat' dir='ltr'>etin</span> <span class='ocrx_word' id='word_1_257' title='bbox 1853 3749 2036 3818; x_wconf 87' lang='lat' dir='ltr'>ehiesmete</span> 
     </span>
     <span class='ocr_line' id='line_1_29' title="bbox 350 3855 2038 3964; baseline -0.011 -17"><span class='ocrx_word' id='word_1_258' title='bbox 350 3877 470 3952; x_wconf 74' lang='lat' dir='ltr'>videre</span> <span class='ocrx_word' id='word_1_259' title='bbox 494 3881 674 3964; x_wconf 85' lang='lat' dir='ltr'>possumus</span> <span class='ocrx_word' id='word_1_260' title='bbox 695 3861 767 3946; x_wconf 89' lang='lat' dir='ltr'>jem</span> <span class='ocrx_word' id='word_1_261' title='bbox 791 3859 910 3940; x_wconf 85' lang='lat' dir='ltr'>strias,</span> <span class='ocrx_word' id='word_1_262' title='bbox 943 3855 1069 3944; x_wconf 88' lang='lat' dir='ltr'>quibus</span> <span class='ocrx_word' id='word_1_263' title='bbox 1096 3859 1334 3946; x_wconf 72' lang='lat' dir='ltr'>imperfectam</span> <span class='ocrx_word' id='word_1_264' title='bbox 1353 3860 1417 3948; x_wconf 88' lang='lat' dir='ltr'>(r)</span> <span class='ocrx_word' id='word_1_265' title='bbox 1435 3861 1706 3932; x_wconf 70' lang='lat' dir='ltr'>decusationem</span> <span class='ocrx_word' id='word_1_266' title='bbox 1730 3859 1938 3929; x_wconf 78' lang='lat' dir='ltr'>ostendente</span> <span class='ocrx_word' id='word_1_267' title='bbox 1970 3869 2038 3928; x_wconf 82' lang='lat' dir='ltr'>hec</span> 
     </span>
    </p>
   </div>
   <div class='ocr_carea' id='block_1_4' title="bbox 352 3967 2173 4062">
    <p class='ocr_par' dir='ltr' id='par_1_9' title="bbox 352 3967 2173 4062">
     <span class='ocr_line' id='line_1_30' title="bbox 352 3967 2173 4062; baseline -0.007 -12"><span class='ocrx_word' id='word_1_268' title='bbox 352 3989 479 4060; x_wconf 79' lang='lat' dir='ltr'>mirum</span> <span class='ocrx_word' id='word_1_269' title='bbox 500 3979 632 4056; x_wconf 85' lang='lat' dir='ltr'>etiem,</span> <span class='ocrx_word' id='word_1_270' title='bbox 658 3993 764 4060; x_wconf 89' lang='lat' dir='ltr'>quum</span> <span class='ocrx_word' id='word_1_271' title='bbox 787 3971 824 4037; x_wconf 91' lang='lat' dir='ltr'>in</span> <span class='ocrx_word' id='word_1_272' title='bbox 845 3969 972 4058; x_wconf 76' lang='lat' dir='ltr'>ignens</span> <span class='ocrx_word' id='word_1_273' title='bbox 1002 3967 1175 4036; x_wconf 83' lang='lat' dir='ltr'>rideamus</span> <span class='ocrx_word' id='word_1_274' title='bbox 1200 3967 1397 4041; x_wconf 90' lang='lat' dir='ltr'>lobulorum</span> <span class='ocrx_word' id='word_1_275' title='bbox 1430 3973 1625 4062; x_wconf 87' lang='lat' dir='ltr'>opticorum</span> <span class='ocrx_word' id='word_1_276' title='bbox 1658 3971 1916 4056; x_wconf 78' lang='lat' dir='ltr'>adauctionem,</span> <span class='ocrx_word' id='word_1_277' title='bbox 1951 3995 2039 4062; x_wconf 84' lang='lat' dir='ltr'>ques</span> <span class='ocrx_word' id='word_1_278' title='bbox 2165 3991 2173 4004; x_wconf 93' lang='lat'><strong>·</strong></span> 
     </span>
    </p>
   </div>
   <div class='ocr_carea' id='block_1_5' title="bbox 266 4079 2042 5001">
    <p class='ocr_par' dir='ltr' id='par_1_10' title="bbox 266 4079 2041 4790">
     <span class='ocr_line' id='line_1_31' title="bbox 350 4079 2038 4170; baseline -0.012 -1"><span class='ocrx_word' id='word_1_279' title='bbox 350 4097 451 4170; x_wconf 89' lang='lat' dir='ltr'>nobis</span> <span class='ocrx_word' id='word_1_280' title='bbox 472 4091 616 4161; x_wconf 83' lang='lat' dir='ltr'>Eeocem</span> <span class='ocrx_word' id='word_1_281' title='bbox 644 4081 790 4150; x_wconf 86' lang='lat' dir='ltr'>Lucium</span> <span class='ocrx_word' id='word_1_282' title='bbox 821 4081 859 4148; x_wconf 90' lang='lat' dir='ltr'>in</span> <span class='ocrx_word' id='word_1_283' title='bbox 892 4079 1089 4148; x_wconf 87' lang='lat' dir='ltr'>memoriam</span> <span class='ocrx_word' id='word_1_284' title='bbox 1115 4099 1261 4151; x_wconf 79' lang='lat' dir='ltr'>revocet.</span> <span class='ocrx_word' id='word_1_285' title='bbox 1304 4083 1448 4150; x_wconf 87' lang='lat' dir='ltr'>Prorsus</span> <span class='ocrx_word' id='word_1_286' title='bbox 1478 4083 1566 4150; x_wconf 89' lang='lat' dir='ltr'>nihil</span> <span class='ocrx_word' id='word_1_287' title='bbox 1593 4084 1637 4152; x_wconf 87' lang='lat' dir='ltr'>de</span> <span class='ocrx_word' id='word_1_288' title='bbox 1666 4083 1785 4154; x_wconf 79' lang='lat' dir='ltr'>nervis</span> <span class='ocrx_word' id='word_1_289' title='bbox 1814 4083 1939 4150; x_wconf 87' lang='lat' dir='ltr'>borum</span> <span class='ocrx_word' id='word_1_290' title='bbox 1959 4083 2038 4150; x_wconf 84' lang='lat' dir='ltr'>ani·</span> 
     </span>
     <span class='ocr_line' id='line_1_32' title="bbox 351 4191 2041 4286; baseline -0.014 -4"><span class='ocrx_word' id='word_1_291' title='bbox 351 4210 492 4282; x_wconf 83' lang='lat' dir='ltr'>melium</span> <span class='ocrx_word' id='word_1_292' title='bbox 518 4210 639 4268; x_wconf 86' lang='lat' dir='ltr'>uotum</span> <span class='ocrx_word' id='word_1_293' title='bbox 668 4193 751 4262; x_wconf 84' lang='lat' dir='ltr'>scio.</span> <span class='ocrx_word' id='word_1_294' title='bbox 793 4191 949 4262; x_wconf 85' lang='lat' dir='ltr'>Medulla</span> <span class='ocrx_word' id='word_1_295' title='bbox 972 4191 1152 4280; x_wconf 74' lang='lat' dir='ltr'>oblongete</span> <span class='ocrx_word' id='word_1_296' title='bbox 1180 4193 1283 4260; x_wconf 83' lang='lat' dir='ltr'>etiem</span> <span class='ocrx_word' id='word_1_297' title='bbox 1305 4191 1342 4260; x_wconf 92' lang='lat' dir='ltr'>in</span> <span class='ocrx_word' id='word_1_298' title='bbox 1369 4195 1412 4263; x_wconf 89' lang='lat' dir='ltr'>iis</span> <span class='ocrx_word' id='word_1_299' title='bbox 1439 4193 1546 4264; x_wconf 82' lang='lat' dir='ltr'>babet</span> <span class='ocrx_word' id='word_1_300' title='bbox 1571 4193 1862 4286; x_wconf 67' lang='lat' dir='ltr'>proeminentiam</span> <span class='ocrx_word' id='word_1_301' title='bbox 1881 4191 1919 4262; x_wconf 89' lang='lat' dir='ltr'>in</span> <span class='ocrx_word' id='word_1_302' title='bbox 1942 4209 2041 4286; x_wconf 87' lang='lat' dir='ltr'>perte</span> 
     </span>
     <span class='ocr_line' id='line_1_33' title="bbox 352 4303 753 4394; baseline -0.042 0"><span class='ocrx_word' id='word_1_303' title='bbox 352 4313 509 4394; x_wconf 76' lang='lat' dir='ltr'>inferiori</span> <span class='ocrx_word' id='word_1_304' title='bbox 523 4327 559 4381; x_wconf 87' lang='lat' dir='ltr'>et</span> <span class='ocrx_word' id='word_1_305' title='bbox 579 4303 753 4375; x_wconf 70' lang='lat' dir='ltr'>anteriori·</span> 
     </span>
     <span class='ocr_line' id='line_1_34' title="bbox 266 4413 2041 4508; baseline -0.004 -17"><span class='ocrx_word' id='word_1_306' title='bbox 266 4446 271 4456; x_wconf 92' lang='lat'><em>·</em></span> <span class='ocrx_word' id='word_1_307' title='bbox 395 4425 567 4494; x_wconf 86' lang='lat' dir='ltr'>Diemeter</span> <span class='ocrx_word' id='word_1_308' title='bbox 589 4413 759 4485; x_wconf 83' lang='lat' dir='ltr'>medullae</span> <span class='ocrx_word' id='word_1_309' title='bbox 778 4415 918 4508; x_wconf 80' lang='lat' dir='ltr'>spinalis</span> <span class='ocrx_word' id='word_1_310' title='bbox 940 4417 1042 4506; x_wconf 71' lang='lat' dir='ltr'>longe</span> <span class='ocrx_word' id='word_1_311' title='bbox 1062 4415 1176 4485; x_wconf 86' lang='lat' dir='ltr'>minor</span> <span class='ocrx_word' id='word_1_312' title='bbox 1201 4427 1253 4482; x_wconf 87' lang='lat' dir='ltr'>est</span> <span class='ocrx_word' id='word_1_313' title='bbox 1272 4436 1376 4504; x_wconf 87' lang='lat' dir='ltr'>quem</span> <span class='ocrx_word' id='word_1_314' title='bbox 1398 4413 1565 4486; x_wconf 84' lang='lat' dir='ltr'>diameter</span> <span class='ocrx_word' id='word_1_315' title='bbox 1591 4417 1749 4502; x_wconf 75' lang='lat' dir='ltr'>cerebri3</span> <span class='ocrx_word' id='word_1_316' title='bbox 1774 4432 1810 4483; x_wconf 88' lang='lat' dir='ltr'>et</span> <span class='ocrx_word' id='word_1_317' title='bbox 1832 4440 2041 4507; x_wconf 82' lang='lat' dir='ltr'>quemquem</span> 
     </span>
     <span class='ocr_line' id='line_1_35' title="bbox 353 4524 2041 4623; baseline -0.005 -19"><span class='ocrx_word' id='word_1_318' title='bbox 353 4537 485 4623; x_wconf 75' lang='lat' dir='ltr'>longior</span> <span class='ocrx_word' id='word_1_319' title='bbox 502 4532 548 4600; x_wconf 90' lang='lat' dir='ltr'>oh</span> <span class='ocrx_word' id='word_1_320' title='bbox 568 4529 734 4618; x_wconf 79' lang='lat' dir='ltr'>majorem</span> <span class='ocrx_word' id='word_1_321' title='bbox 752 4549 933 4602; x_wconf 85' lang='lat' dir='ltr'>nnmerum</span> <span class='ocrx_word' id='word_1_322' title='bbox 953 4529 1212 4613; x_wconf 80' lang='lat' dir='ltr'>vertebrarum,</span> <span class='ocrx_word' id='word_1_323' title='bbox 1234 4525 1372 4598; x_wconf 75' lang='lat' dir='ltr'>ridetur</span> <span class='ocrx_word' id='word_1_324' title='bbox 1395 4543 1507 4598; x_wconf 87' lang='lat' dir='ltr'>temen</span> <span class='ocrx_word' id='word_1_325' title='bbox 1533 4528 1636 4615; x_wconf 72' lang='lat' dir='ltr'>magis</span> <span class='ocrx_word' id='word_1_326' title='bbox 1657 4525 1831 4616; x_wconf 73' lang='lat' dir='ltr'>magisque</span> <span class='ocrx_word' id='word_1_327' title='bbox 1858 4524 2041 4596; x_wconf 85' lang='lat' dir='ltr'>cerebrum</span> 
     </span>
     <span class='ocr_line' id='line_1_36' title="bbox 355 4639 2018 4790; baseline -0.011 -79"><span class='ocrx_word' id='word_1_328' title='bbox 355 4639 565 4736; x_wconf 76' lang='lat' dir='ltr'>praevalere.</span> <span class='ocrx_word' id='word_1_329' title='bbox 1984 4720 2018 4790; x_wconf 43' lang='lat' dir='ltr'>s·</span> 
     </span>
    </p>

    <p class='ocr_par' dir='ltr' id='par_1_11' title="bbox 2009 4743 2042 4786">
     <span class='ocr_line' id='line_1_37' title="bbox 2009 4743 2042 4786; baseline 0.03 -1"><span class='ocrx_word' id='word_1_330' title='bbox 2009 4743 2042 4786; x_wconf 89' lang='lat' dir='ltr'>rc</span> 
     </span>
    </p>

    <p class='ocr_par' dir='ltr' id='par_1_12' title="bbox 390 4827 1579 5001">
     <span class='ocr_line' id='line_1_38' title="bbox 390 4827 1579 4912; baseline -0.008 -18"><span class='ocrx_word' id='word_1_331' title='bbox 390 4834 450 4912; x_wconf 79' lang='lat' dir='ltr'>(r)</span> <span class='ocrx_word' id='word_1_332' title='bbox 473 4829 509 4892; x_wconf 89' lang='lat' dir='ltr'>ln</span> <span class='ocrx_word' id='word_1_333' title='bbox 523 4827 750 4894; x_wconf 65' lang='lat' dir='ltr'>causamn</span> <span class='ocrx_word' id='word_1_334' title='bbox 765 4831 850 4892; x_wconf 76' lang='lat' dir='ltr'>eum</span> <span class='ocrx_word' id='word_1_335' title='bbox 866 4829 1007 4910; x_wconf 78' lang='lat' dir='ltr'>quaedem</span> <span class='ocrx_word' id='word_1_336' title='bbox 1024 4831 1128 4894; x_wconf 81' lang='lat' dir='ltr'>edsnnt</span> <span class='ocrx_word' id='word_1_337' title='bbox 1143 4833 1250 4908; x_wconf 77' lang='lat' dir='ltr'>otrico,</span> <span class='ocrx_word' id='word_1_338' title='bbox 1265 4829 1422 4892; x_wconf 86' lang='lat' dir='ltr'>secundnm</span> <span class='ocrx_word' id='word_1_339' title='bbox 1436 4829 1579 4890; x_wconf 72' lang='lat' dir='ltr'>cerum.</span> 
     </span>
     <span class='ocr_line' id='line_1_39' title="bbox 1267 4931 1391 5001; baseline 0.04 -5"><span class='ocrx_word' id='word_1_340' title='bbox 1267 4964 1273 4974; x_wconf 92' lang='lat'><strong>·</strong></span> <span class='ocrx_word' id='word_1_341' title='bbox 1316 4931 1391 5001; x_wconf 79' lang='grc' dir='ltr'><strong><em>Μ</em></strong></span> 
     </span>
    </p>
   </div>
   <div class='ocr_carea' id='block_1_6' title="bbox 0 0 2525 6132">
    <p class='ocr_par' dir='ltr' id='par_1_13' title="bbox 0 0 2525 6132">
     <span class='ocr_line' id='line_1_40' title="bbox 0 0 2525 6132; baseline 0 0"><span class='ocrx_word' id='word_1_342' title='bbox 0 0 2525 6132; x_wconf 95' lang='lat' dir='ltr'> </span> 
     </span>
    </p>
   </div>
  </div>
 </body>
</html>
