4992 6138
579 547 941 625 conttlnttnt'rto
971 565 1025 621 An
1052 549 1400 640 Quansntonntt
1431 551 1760 626 zoonoctclttt.
1972 559 2016 648 47

318 752 496 818 auctores,
514 733 713 824 reperitur,
736 733 900 824 originem
918 731 1025 800 babet
1055 733 1171 801 multis
1194 735 1369 805 radicibus
1389 762 1408 804 a
1425 736 1573 805 medulla
1599 734 1779 826 oblongata
1801 752 1836 805 et
1865 734 2003 827 spinali.

170 861 176 874 '
317 849 386 920 Pe'r
406 847 560 916 loramen
593 845 773 936 occipitale
801 849 910 913 intrat
939 843 1092 911 cranium
1112 861 1147 912 et
1168 869 1285 914 rursus
1311 871 1375 936 per
1401 847 1554 915 foramen
1572 847 1723 916 lacerum
1749 851 1837 934 erite
1862 853 2003 920 tuucin

317 959 404 1028 dnos
431 979 500 1022 sese
530 953 656 1020 dividit
681 979 813 1035 ramos,
848 978 995 1046 quorum
1019 955 1178 1022 internos
1207 959 1377 1025 evanescit
1408 959 1445 1024 in
1471 957 1638 1050 superiori
1658 960 1809 1027 musculo
1829 961 2004 1050 laryagis,
2089 1033 2096 1046 ,

314 1095 428 1140 remus
445 1084 605 1133 externus
624 1065 718 1148 juxta
735 1067 894 1132 arteriam
916 1063 1102 1133 carotidem
1121 1063 1321 1150 descendit,
1344 1066 1530 1134 musculum
1548 1070 2002 1142 sternocleidomastoideum

319 1179 495 1272 perforat,
518 1179 574 1242 oui
595 1175 746 1242 musculo
770 1178 804 1242 in
827 1177 973 1244 decursu
995 1200 1103 1245 ramos
1124 1181 1286 1268 praebet,
1310 1181 1436 1272 accipit
1453 1183 1554 1248 etiam
1577 1207 1685 1252 ramos
1712 1187 1804 1253 tertii
1826 1185 2001 1254 cervicalis

316 1311 351 1364 et
369 1293 477 1360 finem
490 1293 595 1358 babet
616 1291 650 1356 in
681 1289 840 1356 musculis
861 1289 1091 1356 cucullaribns
1113 1308 1148 1356 et
1164 1292 1397 1364 inlerioribus.

359 1407 490 1473 Nervus
519 1397 755 1491 hypoglossus.
800 1399 863 1464 liic
889 1423 1012 1467 nervus
1045 1399 1242 1493 apluribus
1271 1401 1380 1468 oritur
1411 1405 1548 1494 punctis
1575 1405 1741 1476 medullae
1770 1405 1994 1494 oblongatae,

316 1519 409 1588 inter
434 1536 578 1602 corpora
604 1513 742 1578 olivaria
764 1527 798 1579 et
822 1512 1066 1604 pyramidaliu3
1099 1515 1303 1603 plerumque
1322 1511 1448 1582 adsunt
1469 1532 1537 1582 tres
1562 1515 1711 1584 fasciculi
1742 1522 1903 1602 maiores,
1937 1519 1998 1610 qui

315 1647 498 1720 postquam
523 1623 700 1708 conjuncti
724 1623 812 1700 sint,
838 1623 1040 1691 esoramine
1070 1622 1286 1713 condyloidei
1316 1639 1452 1691 exeunt.
1501 1627 1615 1716 Usque
1635 1627 1678 1696 ad
1709 1631 1899 1698 vertebram
1921 1643 1996 1694 ter·

317 1733 615 1817 tiamdescendit,
643 1737 730 1800 etin
751 1757 790 1801 eo
815 1733 914 1816 loco,
945 1757 1022 1800 cum
1045 1759 1151 1802 nervo
1181 1733 1509 1826 glossopbaryngeo,
1544 1760 1649 1822 rego,
1679 1753 1714 1804 et
1735 1737 1947 1828 sympatbico
1964 1750 1999 1803 et

317 1851 506 1919 accessorio
532 1847 638 1917 Will
652 1845 725 1910 iaii
749 1845 994 1930 conjungitur,
1019 1845 1055 1910 in
1076 1869 1194 1910 arcum
1211 1844 1385 1936 procurrit
1405 1862 1482 1938 post
1505 1847 1692 1914 musculum
1723 1847 1999 1940 stylobyoideum

321 1982 357 2029 et
384 1961 447 2026 snb
468 1959 635 2025 maxillari
656 1955 836 2043 glandula,
859 1955 907 2020 sic
925 1958 1019 2040 juxta
1039 1955 1253 2046 byoglossum
1274 1958 1317 2023 ad
1344 1957 1494 2043 linguam
1518 1957 1688 2043 pervenit.
1731 1959 1783 2024 Ex
1803 1981 1885 2023 arcu
1903 1957 2006 2025 multi

316 2075 475 2138 oriuntur
500 2071 611 2146 rami,
634 2069 692 2158 qui
718 2069 759 2133 ad
784 2066 951 2132 musculos
983 2071 1167 2160 pbaryngis
1197 2068 1372 2150 tendente
1409 2067 1548 2135 demum
1574 2089 1645 2132 sese
1680 2067 1717 2133 in
1738 2069 1861 2135 multos
1888 2089 2000 2134 ramos

316 2180 460 2258 dividit,
483 2181 543 2268 qui
566 2181 602 2244 in
634 2177 793 2244 msrsculis
824 2176 975 2264 linguam
1008 2180 1241 2262 morantibus,
1272 2179 1378 2244 finem
1408 2176 1563 2243 babents
1597 2177 1735 2244 demum
1764 2180 1936 2246 crassescit
1963 2180 2001 2248 in

316 2291 421 2382 ipsius
445 2287 578 2374 linguae
603 2313 719 2354 mosas.

361 2404 464 2471 Nervi
482 2399 641 2490 spinales.
690 2401 735 2466 Ut
756 2401 790 2464 in
810 2393 968 2462 omnibus
985 2397 1188 2466 vertebratis
1202 2396 1248 2462 ita
1268 2395 1305 2460 in
1323 2390 1563 2462 Mammalibus
1580 2393 1711 2484 duplici
1731 2397 1888 2468 oriantur
1910 2400 1997 2475 lilot

316 2513 522 2607 posteriores
553 2510 684 2576 radices
715 2523 796 2574 sunt
825 2504 1072 2573 numerosiores
1101 2523 1136 2575 et
1161 2507 1333 2575 fortiores.
1375 2505 1662 2590 incrassationas,
1693 2507 1729 2573 in
1765 2509 1806 2574 iis
1834 2505 1919 2576 locis
1937 2510 1999 2578 nbi

316 2626 415 2694 nervi
435 2623 614 2701 oriuntur,
647 2617 712 2684 sibi
735 2620 820 2684 risus
844 2631 896 2684 est
925 2615 1120 2683 observasse
1152 2614 1355 2702 Gallins3
1392 2613 1452 2681 sed
1489 2618 1626 2684 Carus
1659 2641 1714 2686 eas
1740 2641 1810 2685 non
1839 2617 2001 2703 agnoscit.

314 2736 561 2806 vertebrarum
594 2728 773 2796 distinctio
800 2729 838 2794 in
876 2727 1138 2807 Mammalibus.
1170 2725 1331 2794 divisioni
1368 2749 1553 2798 nervorum
1579 2725 1792 2796 dirarsorum
1820 2728 2003 2820 spinolium

312 2868 430 2913 ansam
451 2843 608 2936 praebet.

358 2957 463 3027 Nervi
485 2954 665 3022 cervicsles
685 2973 756 3018 sese
775 2951 870 3017 utin
900 2947 1041 3019 bomine
1059 2945 1210 3032 habens,
1234 2947 1362 3015 adsunt
1381 2961 1515 3040 septem
1543 2947 1661 3038 paria,
1683 2969 1763 3016 cum
1785 2943 1823 3012 in
1841 2945 2000 3016 omnibns

315 3069 518 3140 animalibus
554 3065 656 3148 bajus
688 3059 801 3128 classis
840 3077 972 3152 septem
1003 3055 1118 3125 adsint
1150 3057 1329 3127 vertebrae
1366 3054 1581 3143 cervicales,
1622 3075 1766 3150 excepto
1793 3056 2002 3151 bradypode

314 3176 520 3266 tridactplo,
551 3174 614 3240 ubi
639 3193 764 3236 norem
789 3173 884 3254 paria
910 3168 1062 3249 adsunt,
1093 3171 1295 3255 quinetiam
1319 3167 1359 3234 iu
1387 3168 1452 3233 bac
1475 3167 1590 3254 spacia
1621 3189 1756 3262 norem·
1772 3183 2000 3236 numerantur

312 3289 491 3358 vertebrae
525 3279 717 3351 cervicales.
771 3277 902 3342 Omnes
936 3274 1190 3342 communicant
1215 3298 1294 3340 cunr
1315 3276 1549 3366 sympatbico,
1572 3274 1722 3364 primum
1741 3291 1776 3344 et
1806 3274 1999 3347 seeundum

311 3419 377 3490 par
399 3395 503 3461 etiam
533 3415 610 3458 cum
632 3385 854 3481 hypoglosso,
880 3404 1027 3479 quatuor
1045 3385 1164 3451 ultima
1189 3385 1284 3470 paria
1308 3384 1446 3476 plexum
1464 3383 1673 3454 brachialem
1694 3387 1859 3456 efficiunt.

354 3507 488 3576 Nervus
516 3502 837 3592 diaphragmaticus.
890 3499 919 3566 E
943 3497 1043 3564 tertio
1069 3510 1105 3563 et
1131 3512 1256 3586 quarto
1286 3495 1362 3585 pari
1391 3499 1577 3588 praecipue
1602 3501 1739 3588 oritura
1774 3517 1889 3568 tamen
1918 3521 1998 3575 enm

312 3639 409 3692 ramo
427 3619 513 3688 sexti
532 3632 568 3683 et
585 3634 681 3680 ramo
702 3632 801 3678 arens
819 3605 1014 3703 hypoglossi
1033 3605 1253 3692 conjungitur
1285 3605 1343 3672 bio
1370 3630 1517 3688 nervus.
1545 3614 1642 3697 eujus
1660 3613 1755 3681 nulla
1773 3613 1998 3701 reperiantur

312 3732 449 3818 vestigia
463 3731 500 3796 in
519 3724 696 3806 Piscibus,
720 3721 917 3810 bmpbibiis
933 3734 970 3785 et
992 3717 1142 3796 Avibus,
1172 3713 1362 3782 secundnm
1382 3718 1648 3786 Curierinm.
1685 3719 1729 3786 In
1746 3723 1910 3790 anteriori
1932 3746 1996 3791 sn·

310 3843 457 3940 perficis
478 3838 557 3908 colli
573 3858 651 3903 cum
670 3832 885 3928 sympatbico
908 3825 1133 3897 anastomotica
1149 3825 1297 3906 format,
1320 3827 1467 3895 tboracis
1487 3831 1666 3897 cavitatem
1683 3828 1814 3915 intrat,
1842 3835 1997 3916 conjun-

312 3973 387 4027 ctns
406 3975 485 4024 eom
497 3947 622 4016 mediis
642 3943 742 4040 plicis'
763 3939 902 4035 pleurse
927 3939 973 4008 ad
993 3939 1218 4035 diaphragma
1239 3935 1418 4004 descendit
1436 3952 1472 4005 et
1493 3937 1650 4008 radiatim
1677 3962 1750 4009 sese
1773 3939 1812 4008 in
1841 3941 1997 4014 crassitie

311 4067 417 4155 buius
437 4060 583 4130 musculi
605 4057 795 4128 distribuit·

347 4171 459 4246 Nervi
487 4171 637 4240 dorsalas
658 4187 694 4240 et
717 4161 894 4236 lanbalas.
935 4161 986 4231 Ut
1014 4161 1053 4229 in
1084 4163 1223 4236 bomine
1249 4161 1322 4230 sese'
1343 4159 1493 4248 babsnts
1517 4183 1679 4230 numerus
1710 4172 1844 4232 tantum
1874 4183 1996 4236 eornm

309 4280 451 4371 differt,
474 4297 622 4378 propter
639 4279 813 4349 diversum
835 4295 1017 4342 nnmerum
1038 4275 1287 4346 vertebrarum.

353 4399 461 4472 Nervi
479 4391 624 4464 sacr-ales
644 4391 747 4462 etiam
768 4386 864 4455 utin
883 4381 1190 4474 bomineatlsnnts
1214 4381 1385 4456 accedunt
1406 4379 1505 4454 nervi
1527 4379 1684 4452 candales
1712 4380 1834 4472 quiin
1857 4382 1995 4455 bomine

313 4529 387 4642 non
405 4509 533 4578 adsunt
559 4503 648 4596 (ι).
1795 4611 1798 4618 λ
1903 4605 2001 4677 nm

353 4799 400 4876 ω
427 4789 618 4857 Canterius
636 4791 875 4858 munla
890 4791 924 4854 ia
942 4791 1054 4874 lapsas
1071 4787 1222 4866 mnis,
1241 4789 1274 4852 bs
1290 4791 1501 4866 tantm..
1520 4792 1588 4846 toas.
1605 4805 1632 4848 a.
1649 4803 1715 4867 pas·
1730 4787 1792 4849 ait.
