4992 6138
599 435 955 506 COMMENTATIO
985 451 1037 504 ιι)
1068 433 1414 524 QUAESTIONEM
1446 435 1776 508 zoouotttcutl.
1992 443 2032 510 δι

336 647 410 704 sese
436 619 556 690 melius
573 613 757 686 amedulla
777 615 903 708 spinali
931 615 1133 706 distinguit.
1157 631 1193 684 et
1218 617 1322 687 etiam
1347 621 1581 711 praevalentis
1612 619 1672 686 sui
1697 617 1791 712 qnod
1812 615 1860 687 ad
1882 641 2024 690 messam

336 728 677 826 respectumedullae
701 729 856 821 spinalis.
901 729 1035 799 Gerus
1064 731 1102 799 iu
1125 733 1331 828 compendio
1355 753 1416 800 suo
1441 731 1638 802 Zootomico
1660 729 1855 826 exemplum
1877 729 1937 798 dat
1957 753 2021 800 co·

334 845 474 914 lumbae
496 839 729 924 domesticae,
759 838 797 906 in
823 865 891 932 qua
920 842 1103 914 cerebrum
1130 843 1174 912 ad
1202 841 1389 912 medullam
1411 841 1578 932 spinulam
1603 842 1736 911 ratione
1765 845 1805 930 57
1821 870 1832 911 ι
1848 863 1887 912 ιι
1912 842 2022 910 adest.

336 957 564 1026 Curreturam
584 950 862 1046 pedunculorum
893 953 1047 1038 cerebri,
1071 977 1141 1046 qua
1166 969 1282 1052 partes
1308 977 1381 1022 non
1408 956 1448 1023 iu
1475 978 1547 1023 uua
1566 951 1657 1022 linea
1674 965 1770 1019 recta
1801 953 1884 1022 sitas
1913 969 2019 1038 suut,

277 1057 290 1074 ⁸
335 1067 395 1136 bie
417 1067 522 1135 etium
543 1063 648 1148 magis
665 1083 861 1152 expressam
880 1065 1041 1134 vidimus.

377 1176 490 1246 Mases
504 1179 618 1268 prima
644 1176 683 1265 (ι
697 1178 722 1256 ).
764 1175 810 1243 ln
834 1175 952 1244 aribus
977 1199 1112 1269 semper
1135 1198 1206 1246 non
1236 1192 1370 1248 tantum
1392 1177 1471 1246 alius
1498 1199 1621 1245 massas
1642 1189 1805 1268 superet,
1827 1173 1890 1240 sed
1918 1175 2019 1241 etiam

335 1313 479 1360 massam
496 1286 683 1358 secundum
703 1287 809 1374 tegit,
831 1286 869 1353 iu
886 1286 1107 1378 Aquatilibus
1125 1302 1161 1354 et
1186 1288 1359 1356 nonnullis
1389 1286 1462 1354 eliis
1490 1287 1682 1380 speciebus.
1725 1289 1868 1356 Constat
1886 1309 1905 1354 e
1926 1283 2020 1352 aluo·

336 1401 401 1468 bus
417 1398 580 1487 gaugliis,
601 1395 779 1486 quaeriue
797 1395 875 1462 ullis
892 1396 1362 1485 circumvolutionibus(2)‚
1383 1397 1484 1466 facile
1501 1424 1519 1464 a
1534 1421 1569 1466 se
1589 1399 1737 1468 invicem
1760 1397 1912 1486 separari
1929 1382 2030 1488 poa·'

335 1525 442 1596 sunt3
467 1509 652 1592 conjuncta
678 1523 761 1574 suut
780 1521 914 1574 tautum
937 1504 1087 1596 slmplici
1113 1507 1359 1591 commissuri,
1389 1530 1492 1596 quam
1509 1508 1579 1594 jam
1603 1510 1641 1576 in
1672 1507 1830 1576 omnibus
1863 1509 2019 1574 anterio·

335 1623 431 1690 ribus
447 1618 607 1689 vidimus.
653 1621 788 1686 Tamen
818 1617 952 1688 aceedit
987 1615 1176 1686 secuudum
1207 1613 1468 1683 Mecleliurn
1497 1621 1562 1707 (5)
1591 1621 1809 1688 commissura
1838 1617 2023 1708 aliapurra

333 1755 440 1821 supra
459 1733 630 1820 primam,
664 1753 768 1820 quem
798 1744 918 1797 auctor
949 1725 1035 1795 dicit
1067 1728 1220 1822 corporis
1251 1724 1366 1794 callosi
1405 1730 1599 1820 exprimere
1628 1731 1876 1801 rudimentum.
1919 1733 2024 1801 Nervi

333 1842 505 1913 olfactorii
545 1865 617 1910 nou
648 1841 706 1910 bic
746 1841 907 1909 oriuntur
941 1854 980 1905 ut
1011 1841 1049 1905 iu
1090 1839 1198 1906 Esoce
1231 1839 1360 1922 Lucio,
1391 1864 1410 1906 e
1440 1839 1538 1908 libris
1568 1843 1846 1937 pedunculorum
1873 1859 1908 1910 et
1935 1866 2024 1928 gru-

334 1953 483 2040 gliorum
501 1952 670 2020 librarum
689 1973 793 2022 cursu
811 1948 1044 2034 couceutrali3
1068 1948 1130 2019 sed
1156 1946 1253 2016 adest
1279 1947 1454 2038 gauglion,
1486 1952 1556 2020 sive
1592 1977 1717 2044 corpus
1747 1977 1913 2045 parvum.
1937 1951 2023 2020 soli·

334 2063 437 2150 dum,
459 2065 665 2155 proprium,
687 2086 707 2131 a
729 2087 799 2158 quo
813 2086 937 2134 nervus
957 2064 1081 2132 oritur.
1123 2061 1165 2130 In
1186 2061 1344 2130 inferiori
1362 2063 1548 2152 superlicio
1568 2065 1656 2134 duae
1676 2065 1802 2134 adsunt
1818 2064 1937 2144 striae,
1962 2087 2022 2131 ar·

337 2201 415 2246 cum
437 2175 698 2255 describentes,
730 2198 818 2266 quas
847 2169 1039 2242 secundum
1068 2172 1225 2241 Carum
1261 2171 1514 2239 commissuram
1543 2173 1732 2258 exhibent,
1764 2175 1856 2244 iuter
1890 2175 2024 2244 haemi-
2170 2255 2175 2266 Ι

335 2286 493 2379 spbaeria
514 2303 551 2353 et
582 2309 689 2377 parra
707 2286 838 2374 ganglia
869 2305 1054 2353 nervorum
1081 2280 1350 2351 olfactorioruuu.
1394 2281 1563 2348 Caritates
1586 2282 1713 2348 adsunt
1740 2304 1902 2368 maguae,
1928 2298 1966 2348 ut
1984 2283 2024 2348 iu

335 2398 559 2488 Ampbiblis,
591 2397 781 2488 inquibus
812 2415 958 2488 corpore
982 2391 1127 2469 adsunt,
1158 2391 1361 2482 corporibus
1390 2389 1516 2468 striatis
1545 2389 1706 2478 analoga3
1731 2388 1791 2458 aed
1819 2390 1878 2457 hic
1897 2393 2026 2476 majore

334 2523 416 2578 sunt
433 2506 585 2601 quamiu
602 2506 861 2592 Mammalibua,
887 2504 980 2598 quod
1002 2506 1135 2572 Carus
1168 2525 1240 2570 esse
1258 2517 1359 2590 putat
1380 2503 1605 2570 necessariam
1629 2501 1908 2594 consequentiam
1935 2499 2024 2566 sub·

335 2621 478 2688 stantiae
507 2617 697 2702 cinereae,
732 2638 819 2707 quas
849 2616 940 2688 lavet
981 2638 1085 2707 quam
1116 2615 1262 2684 maxime
1289 2612 1489 2684 formationi
1518 2610 1761 2701 gaugliorumr
1794 2611 1922 2678 etenim
1956 2627 2027 2678 tota

332 2729 407 2799 fere
435 2725 568 2816 ganglia
597 2750 617 2795 e
645 2728 838 2796 substantia
869 2729 1007 2796 cinerea
1034 2739 1117 2794 suut
1141 2729 1338 2816 composita.
1386 2723 1671 2800 Ventriculorum
1700 2723 1885 2806 introitus,
1916 2737 1956 2789 ut
1985 2723 2024 2792 iu

330 2835 556 2926 Amphibiis,
579 2837 772 2930 posteriora
789 2859 906 2906 versus
924 2836 1039 2906 adeste
1064 2837 1174 2904 forma
1193 2861 1264 2906 nou
1285 2836 1432 2912 multum
1451 2837 1489 2905 iu
1509 2833 1652 2906 diversi·
1673 2834 1852 2927 speciebus
1873 2831 1989 2902 differt
2006 2859 2019 2918 ς

330 2951 368 3018 iu
390 2971 514 3038 genere
534 2945 711 3016 lormeest
732 2949 868 3034 cordis,
892 2950 990 3036 cujus
1016 2969 1103 3036 apex
1128 2949 1301 3017 anteriora
1328 2970 1445 3020 veram
1478 2963 1532 3016 est
1562 2947 1706 3040 positus.
1749 2949 1793 3018 In
1824 2946 2020 3038 Rapacibus

330 3081 402 3132 nou
426 3062 698 3152 haemisphaeria
726 3076 846 3149 tegunt
860 3061 993 3132 lobulos
1012 3061 1166 3151 opticosr
1192 3063 1230 3128 iu
1249 3063 1291 3130 iis
1309 3078 1391 3130 sunt
1407 3060 1586 3150 ampliora.

373 3170 666 3243 Massasecuuda.
710 3173 753 3242 In
777 3172 935 3252 Avibus,
958 3174 1052 3238 utin
1078 3172 1298 3262 Amphibiis,
1323 3195 1343 3240 s
1366 3172 1500 3242 duabus
1528 3187 1663 3242 constat
1692 3171 1874 3261 partibus3
1910 3170 2022 3259 prima

329 3284 531 3376 parastiam
551 3281 653 3348 hice
682 3280 795 3349 Caro
824 3281 956 3368 ganglia
987 3280 1336 3371 haemispheeriorum
1372 3298 1533 3367 roratur,
1566 3279 1718 3350 secunde
1748 3301 1830 3370 pars
1859 3279 2023 3369 exprimit

330 3395 464 3492 lobuloa
485 3397 638 3488 opticose
662 3395 708 3464 ds
729 3395 822 3466 bisce
848 3392 1004 3485 partibus
1023 3393 1183 3482 siugulis,
1206 3415 1335 3486 eoquo
1356 3411 1552 3488 sequuntur
1572 3390 1720 3470 ordine,
1743 3391 1891 3460 dicetur.

375 3508 459 3576 Pars
483 3503 617 3597 primae
647 3503 778 3594 ganglia
797 3503 1157 3593 haemisphaeriorum.
1201 3506 1360 3576 Diversae
1378 3521 1460 3576 suut
1478 3519 1656 3574 auctorum
1666 3504 1847 3598 opiniones
1868 3502 1912 3572 de
1926 3504 2020 3570 bisce

329 3616 499 3707 partibus.
544 3618 778 3688 Curierius
802 3617 873 3706 (4)
897 3613 984 3684 dicit
1002 3615 1252 3686 inStrutbioue
1265 3639 1283 3681 e
1298 3631 1444 3704 quatuor
1463 3633 1619 3685 constare
1638 3611 1779 3704 gaugliis
1791 3631 1926 3706 partem
1940 3615 2020 3704 pri·

330 3748 444 3810 mam,
474 3741 510 3794 et
532 3725 642 3796 nullas
671 3727 827 3817 analogas
854 3727 893 3796 iu
918 3726 1062 3795 cerebro
1086 3725 1234 3794 bominis
1260 3723 1417 3797 existere.
1461 3729 1504 3794 lu
1539 3725 1694 3817 piscibus
1730 3721 1845 3796 eredit
1872 3738 2019 3818 quatuor

331 3835 511 3908 tubercula
531 3837 569 3905 iu
590 3837 715 3910 lobulis
738 3837 859 3930 opticis
882 3838 1013 3927 posita,
1034 3839 1173 3909 endem
1192 3857 1265 3904 esre
1286 3853 1412 3929 partos.
1455 3833 1730 3906 'Pisdemanu
1759 3855 1815 3904 eas
1846 3847 2021 3922 comparat

1946 3964 2025 4011 cum

365 4133 419 4210 (¹)
441 4129 621 4203 Qlfflffllmm
642 4137 761 4206 propter
781 4145 912 4204 maguam
932 4127 1121 4188 evolutionem
1153 4131 1448 4212 hemisphaeriorum
1472 4125 1645 4190 crustatim
1674 4122 1746 4182 baec
1773 4121 1874 4186 divisio
1896 4132 2018 4179 ustura·

331 4223 366 4284 iis
385 4231 521 4303 apparet,
545 4223 568 4283 si
580 4222 729 4285 cerebrum
747 4225 843 4289 urium
858 4223 889 4284 iu
907 4223 997 4285 latere
1016 4235 1047 4284 et
1066 4227 1096 4284 in
1119 4227 1245 4288 inferiori
1265 4227 1414 4306 superfiuis
1433 4225 1637 4307 conspiciatur,
1660 4221 1735 4282 clare
1754 4219 1829 4280 banc
1849 4216 2031 4302 diuisionem·

330 4317 440 4382 institui
458 4339 541 4398 posse
563 4319 737 4400 intelligitur.
1860 4381 1865 4390 ,

363 4418 417 4492 (a)
436 4418 500 4476 lam
520 4417 575 4478 boc
593 4415 793 4480 animadvertit
819 4415 1010 4476 llallercsr
1042 4415 1108 4478 ride
1137 4415 1237 4497 Opera
1260 4417 1527 4492 mummolus.
1552 4433 1616 4498 peg.
1641 4433 1699 4494 rga.
1732 4412 1769 4471 lu
1792 4413 1885 4472 bnats
1912 4407 2017 4469 alsunt

329 4527 434 4588 persae
458 4513 681 4593 impressiones,
702 4535 772 4593 quas
793 4514 914 4592 origines
933 4533 1067 4594 gyrorum
1084 4533 1185 4576 rooars
1204 4515 1280 4579 llaet.

365 4609 420 4686 (8)
443 4609 520 4672 vida
536 4613 668 4687 Carus,
685 4613 835 4674 znotomie
851 4615 876 4688 §-
888 4617 948 4689 ³¹9·

365 4703 425 4782 (t)
447 4703 554 4779 Ιιιιοιιι
577 4709 690 4772 d’sut
714 4711 921 4792 emm.
938 4711 1111 4786 1⁶³·er
