4992 6138
482 505 525 574 sa
846 493 1815 598 cta0n1nre1rsto1nrnr,

488 683 673 762 teralibus,
695 678 755 746 sed
777 681 950 770 processui
966 675 1184 748 vermiculari
1208 673 1398 744 secundnm
1423 677 1576 744 Carum
1595 675 1865 743 adtribuendum
1882 689 1960 765 est3
1985 693 2020 744 et
2037 681 2177 768 praeci·

487 818 555 890 pue
587 796 622 860 in
648 792 902 882 vespertilione
933 791 1060 874 (Ferro
1080 788 1242 880 Equino)
1267 787 1470 874 conspicuae
1490 787 1579 854 liunt
1598 789 1707 855 librae
1726 785 1932 854 medullares
1952 785 2068 866 albae,
2087 811 2176 880 pro·

487 929 618 974 cessum
656 902 915 971 vermicularem
952 899 1151 968 referentes.
1204 897 1294 962 Pons
1331 896 1527 981 Verolii,
1565 899 1781 966 commissura
1816 899 1963 966 inferior
1995 903 2177 985 cerebelli,

486 1020 586 1084 etiam
609 1013 798 1080 contribuit
819 1013 900 1078 huic
920 1011 1116 1079 adauctioui
1134 1029 1271 1074 massae.
1315 1008 1425 1073 Etiam
1452 1009 1486 1074 iu
1510 1011 1622 1101 Talpa
1652 1009 1764 1075 nullae
1791 1009 1916 1075 adsunt
1940 1009 2173 1089 diversitates,

488 1144 662 1194 structura
681 1124 826 1212 simplex
852 1141 904 1191 est
923 1143 961 1190 ut
983 1124 1021 1189 in
1053 1121 1221 1189 Gliribus.
1266 1117 1408 1185 Carus
1434 1120 1470 1184 in
1499 1119 1609 1207 'l'alpa
1644 1136 1776 1186 tantum
1800 1137 1877 1186 octo
1900 1119 2032 1188 invenit
2053 1121 2179 1209 plicae,

487 1256 524 1306 et
542 1236 641 1303 facile
661 1236 848 1321 expromsit
866 1236 1069 1314 casitatem,
1088 1231 1125 1297 in
1143 1253 1245 1321 quam
1264 1247 1406 1322 quartus
1420 1231 1631 1298 ventriculus
1652 1254 1724 1298 sese
1745 1229 1913 1300 extendit.
1958 1235 2181 1326 Appendices

487 1347 641 1418 laterales
662 1347 763 1414 etiam
780 1343 837 1411 bic
858 1342 957 1410 facile
976 1342 1233 1432 perspiciuntur
1253 1341 1495 1433 distinctisque
1514 1341 1793 1430 impressionibus
1812 1341 1920 1405 creuii
1942 1343 2174 1432 incumbunt,

488 1483 576 1547 quae
596 1458 632 1522 iu
654 1455 919 1547 perfectioribus
938 1454 1137 1522 animalibus
1158 1459 1304 1523 minores
1322 1459 1456 1522 fiuntet
1470 1452 1609 1518 demum
1626 1453 1662 1516 in
1682 1449 1821 1516 bomine
1848 1451 1951 1539 plane
1976 1455 2176 1542 disparent:

488 1573 530 1638 iu
546 1571 641 1638 foetu
660 1585 773 1635 tamen
792 1567 906 1634 adhuc
923 1569 1175 1661 percipiuntur·
1220 1566 1443 1657 Appendices
1465 1562 1619 1630 laterales
1635 1563 1739 1630 etiam
1770 1561 1807 1629 in
1833 1563 1972 1632 bomine
1998 1565 2123 1633 adsunt
2144 1583 2180 1635 et

491 1710 511 1751 a
534 1681 681 1750 lieilio
686 1681 803 1769 flocci
823 1697 1000 1749 vocantur.
1043 1679 1142 1768 Quae
1159 1683 1351 1774 proprietas
1370 1693 1606 1764 argumentum
1627 1692 1679 1742 est
1710 1691 1829 1740 contra
1852 1677 2050 1764 opinionem
2079 1677 2181 1746 Hal-

491 1796 593 1878 lcri,
613 1794 793 1862 statuentis
815 1793 876 1858 has
899 1791 1110 1884 appendices
1128 1793 1259 1860 lobulos
1275 1791 1429 1858 laterales
1447 1810 1588 1874 magnos
1607 1785 1767 1854 cerebelli
1784 1785 1925 1854 referre.

536 1909 577 1974 ln
597 1897 773 1972 Erinsceis
797 1905 937 1972 Carus
960 1899 1166 1968 cerebellum
1181 1899 1273 1964 utin
1294 1896 1404 1987 Talpa
1423 1898 1579 1980 invenit3
1614 1913 1735 1963 contra
1752 1896 1788 1962 in
1815 1898 2010 1966 Carnisoris
2033 1915 2068 1967 et
2085 1901 2180 1969 ller-

496 2017 624 2086 bivoris
635 2041 705 2085 sese
720 2017 849 2098 elevat,
869 2012 972 2100 magis
984 2010 1153 2100 expressis
1170 2009 1294 2082 lebulis
1309 2009 1505 2076 lateralibus
1521 2026 1556 2076 et
1572 2008 1750 2076 evolutiori
1768 2027 1873 2097 ponte
1887 2013 1973 2080 Var
1984 2011 2022 2078 ol
2033 2013 2090 2094 ii,
2111 2015 2183 2080 sire

494 2131 713 2198 commissura
731 2128 889 2195 inferiori
905 2123 1096 2202 cerebelli,
1122 2145 1280 2191 necnon
1298 2123 1422 2208 mejeri
1444 2143 1587 2188 numero
1615 2143 1789 2210 gyrorum.
1831 2125 1873 2190 ln
1899 2121 2075 2193 nonnullis
2098 2145 2183 2212 spe·

497 2243 640 2327 siebus,
662 2239 735 2308 Feli
758 2244 862 2322 Cato,
886 2239 979 2307 Cane
1003 2234 1186 2318 familiari,
1208 2238 1304 2321 Ore,
1327 2235 1437 2303 Cesso
1455 2251 1491 2301 et
1509 2229 1608 2323 Equo
1626 2233 1831 2303 cerebellum
1849 2259 1920 2302 non
1943 2237 2087 2326 amplius
2104 2237 2179 2304 for·

494 2379 549 2420 ms
573 2376 632 2420 sua
652 2353 868 2444 symmetrics
884 2349 1033 2438 gaudet,
1055 2347 1148 2441 quod
1162 2372 1325 2440 processu
1343 2346 1558 2418 vermiculari
1577 2349 1712 2432 oritur,
1735 2349 1795 2440 qui
1822 2347 1928 2435 plicas
1943 2351 2066 2428 formas
2087 2351 2178 2437 ligu-

497 2489 569 2534 ram
594 2464 811 2550 sigmoidesm
834 2462 1001 2528 babentes
1022 2474 1058 2525 et
1082 2483 1168 2548 quae
1197 2482 1268 2529 sese
1287 2463 1390 2529 etiam
1420 2461 1457 2526 iu
1482 2459 1669 2528 substantia
1692 2483 1786 2528 ossea
1812 2461 2027 2550 imprimunt.
2072 2441 2181 2532 Porro

495 2581 532 2644 in
560 2576 720 2658 Felibns,
755 2575 876 2657 Ursis,
906 2571 1086 2658 Mustelis,
1118 2573 1290 2660 Canibus,
1320 2573 1428 2668 Equis
1451 2589 1486 2640 st
1507 2572 1631 2642 Pbocis
1650 2572 1859 2643 cerebellum
1884 2599 1905 2640 a
1924 2574 2069 2644 cerebro
2084 2591 2182 2668 septo

494 2708 589 2755 osseo
608 2705 659 2756 est
680 2701 884 2781 separatum·

462 2827 471 2838 ·
541 2802 737 2890 Antequam
758 2799 801 2866 ad
824 2793 1009 2864 medullam
1027 2795 1244 2882 oblougstsm
1269 2813 1503 2883 transeamus,
1533 2821 1642 2889 penos
1670 2797 1715 2867 de
1740 2797 1850 2866 forma
1876 2800 2011 2865 cerebri
2027 2803 2063 2865 in
2092 2797 2182 2868 Em·

447 2937 451 2944 ·
498 2910 633 3000 brycce
652 2909 882 2975 illammalium
907 2905 1084 2974 addemus.
1126 2907 1262 2975 Carus
1286 2911 1481 3000 exemplum
1506 2909 1651 2999 praebet
1677 2930 1720 2976 ex
1746 2909 1931 2999 embryone
1952 2909 2063 2974 Muris
2084 2910 2181 2998 peti-

499 3035 584 3086 tum.
636 3019 748 3084 Messa
778 3017 910 3084 cerebri
941 3017 999 3084 hic
1030 3034 1187 3087 constare
1213 3019 1353 3088 videtur
1383 3044 1403 3088 e
1428 3018 1560 3085 duabus
1589 3017 1764 3104 partibus,
1800 3045 1945 3112 quarum
1978 3019 2088 3107 prima
2116 3041 2183 3112 pro

498 3127 799 3217 haemisphaeriis,
820 3128 971 3196 secunde
993 3151 1060 3220 pro
1079 3129 1248 3199 cerebello
1265 3131 1379 3220 primo
1399 3127 1564 3222 adspectu
1586 3125 1745 3194 habenda
1762 3151 1833 3196 esse
1855 3129 2015 3215 rideturr
2038 3131 2098 3197 sed
2117 3152 2181 3198 ou·

497 3243 604 3309 retius
634 3241 831 3331 inspicienti
851 3255 1017 3333 apparet,
1044 3265 1186 3310 massam
1205 3239 1391 3310 secundam
1420 3253 1577 3306 constare
1596 3257 1640 3302 es
1670 3261 1739 3305 uns
1763 3262 1891 3323 messa,
1922 3261 2069 3334 corpora
2094 3262 2185 3330 qua·
2248 3269 2253 3278 ·

500 3354 688 3442 drigemine
727 3351 972 3440 exprimente,
1006 3369 1043 3421 et
1069 3377 1113 3420 ex
1144 3351 1279 3437 altera,
1311 3376 1332 3420 e
1359 3348 1530 3421 cerebello
1560 3347 1594 3436 ei
1628 3343 1808 3434 edjsceute
1839 3367 1878 3418 ut
1912 3349 2039 3418 lamina
2080 3351 2189 3421 tenui·

499 3464 606 3554 Quod
629 3461 673 3527 ad
703 3461 1001 3548 baemispbaeris,
1034 3441 1140 3552 parts
1167 3475 1250 3528 sunt
1279 3480 1440 3556 respectu
1474 3461 1616 3527 alierum
1653 3459 1835 3548 partiume
1872 3483 1996 3555 corpus
2027 3463 2190 3532 callosum

500 3579 574 3644 fere
608 3597 678 3640 non
701 3570 885 3639 evolutum·
928 3567 1030 3637 Bnlbi
1061 3594 1129 3662 pro
1155 3573 1272 3641 nervis
1301 3572 1488 3641 olfactoriis
1520 3569 1656 3639 adsunt.
1711 3571 1835 3639 Forma
1859 3573 1965 3660 igitur
1995 3599 2073 3643 cum
2105 3591 2189 3668 typo

502 3685 768 3773 Amphibiorum
795 3683 897 3772 plane
924 3683 1142 3753 couveniens.
1186 3681 1341 3754 Medulla
1375 3683 1557 3769 oblougsta
1593 3681 1689 3750 fortis
1713 3683 1900 3751 admodum
1928 3703 1998 3767 est,
2031 3691 2106 3770 ejus
2138 3687 2185 3751 fi-

500 3799 649 3867 lamenta
684 3821 840 3884 magnam
867 3795 1003 3864 faciunt
1041 3813 1256 3865 curvaturam
1299 3795 1364 3864 sub
1402 3796 1605 3887 corporibus
1643 3785 1937 3886 quadrigeminis,
1969 3795 2014 3863 ad
2041 3820 2187 3887 corpore

502 3911 761 4003 quadrigemina
790 3907 1036 3990 adscendunt,
1072 3907 1112 3974 in
1144 3908 1285 3997 gangliis
1331 3905 1679 3998 baemispbaeriorum
1718 3923 1928 3992 transeunt,
1972 3907 2189 3980 descendunt

501 4021 540 4092 in
568 4025 768 4114 corporibus
806 4021 952 4104 striasis,
986 4033 1028 4086 nt
1059 4017 1200 4090 tendem
1227 4043 1289 4090 sus
1323 4015 1531 4114 expansione
1564 4035 1694 4086 tectum
1727 4017 2076 4112 haemisphaeriorum
2106 4019 2183 4092 effi·

501 4139 607 4202 ciant.

546 4241 700 4316 Medulla
720 4239 912 4326 oblongam.
952 4243 1099 4337 Semper
1117 4245 1154 4313 in
1172 4245 1331 4314 Muribus
1355 4243 1466 4313 Rastis
1486 4260 1523 4313 es
1543 4240 1720 4312 Erinaceis
1732 4242 1933 4314 incrassatio
1953 4247 2186 4337 conspicitur,

504 4383 573 4451 qua
604 4355 769 4422 diameter
790 4351 961 4421 medullae
989 4355 1033 4422 ad
1066 4356 1238 4447 duplicem
1262 4374 1417 4442 augetur.
1459 4354 1568 4424 Utin
1592 4355 1759 4426 medullae
1782 4357 1924 4448 spinulis
1957 4357 2112 4428 inferiorl
2132 4337 2188 4428 su·

502 4470 651 4559 perlicie
673 4468 757 4533 duos
785 4467 984 4555 conspicere
1009 4490 1186 4557 possumus
1210 4468 1414 4553 fasciculos,
1435 4468 1697 4559 protuberantia
1718 4465 1990 4553 filamentorum,
2012 4475 2062 4540 sic
2080 4475 2188 4548 ¹etiam

504 4585 541 4649 in
573 4579 719 4649 medulla
750 4579 932 4665 oblongam
958 4578 1225 4660 discernuntur,
1258 4597 1295 4650 et
1319 4601 1466 4676 corpora
1490 4580 1715 4672 pyramidalia
1742 4573 1952 4674 exprimunt.
1994 4585 2037 4654 ln
2064 4589 2103 4656 iis
2124 4613 2187 4678 re·

504 4695 645 4763 'neribus
670 4713 782 4758 tamen
816 4717 884 4756 non
912 4707 980 4758 tsm
1010 4710 1092 4760 sunt
1115 4697 1258 4763 conseri
1285 4717 1389 4785 quam
1422 4691 1461 4760 in
1487 4691 1627 4763 bomine
1651 4708 1688 4761 et
1706 4691 1782 4761 aliis
1813 4694 2073 4782 Mammalibusa
2105 4704 2194 4780 dan

503 4807 657 4877 fasciculi
675 4804 832 4871 laterales
855 4803 892 4869 in
916 4805 1053 4873 homine
1075 4829 1095 4874 a
1114 4805 1385 4901 pyramidalibus
1405 4809 1599 4898 secedunt,
1618 4823 1655 4879 et
1670 4807 1785 4878 locum
1802 4809 1971 4905 praebent
1989 4815 2192 4905 corporibus

2122 4927 2193 4997 οη.
