4992 6138
592 520 950 630 COMMENTATIO
981 536 1034 588 an
1064 519 1407 609 QUAESTIONEM
1441 523 1768 594 ZOOLOGICAM.
1984 547 2022 592 tt

335 737 486 812 possum.
527 707 747 802 inpartibus
769 700 1064 786 determinandis,
1087 701 1370 772 diversamralde
1391 706 1559 774 rationem
1592 711 1699 776 secuti
1722 724 1815 782 suut.
1860 706 2021 776 Cnvie-

336 835 424 897 rina
445 848 548 892 unam
573 837 709 913 partem
724 815 986 893 determinavit..
1010 817 1105 901 cujus
1127 815 1360 884 natura'haud
1385 817 1491 886 dubia
1511 837 1585 906 est;
1611 837 1646 888 et
1662 821 1767 904 hinc,
1789 836 1829 886 ut
1847 844 1866 886 e
1886 833 2020 910 puncto

338 945 408 1010 liro
425 941 564 1022 exiens,
579 919 766 1002 secundum
781 928 906 1002 situm,
928 950 1052 995 nexum
1070 944 1103 996 et
1123 928 1322 998 relationem
1340 952 1417 996 cnm
1438 931 1501 998 hac
1523 948 1621 1020 parta
1634 949 1714 1000 nota
1733 931 1881 1022 reliquas
1900 929 2021 996 deter-

336 1053 489 1124 minavit.
534 1045 592 1115 Sic
611 1063 754 1112 massam
771 1037 957 1107 secundam
973 1059 1069 1109 vocat
1084 1041 1354 1129 hemisphaeria,
1377 1042 1455 1132 quia
1467 1061 1581 1132 partes
1595 1061 1676 1112 sunt
1693 1047 1836 1112 maxime
1854 1041 2019 1124 evolutae,

339 1167 419 1258 quia
439 1176 520 1230 sunt
539 1177 638 1226 cavae
662 1154 699 1221 e't
721 1151 900 1221 continent
920 1173 1064 1240 corpora
1079 1152 1297 1240 glandulosa,
1321 1177 1581 1242 quae‚megnam
1599 1157 1870 1224 convenientiam
1890 1153 2020 1220 hebent

338 1297 418 1346 cum
434 1268 635 1362 corporibus
649 1263 775 1332 atriatis
792 1278 828 1332 ot
848 1263 1126 1354 quadrigeminis.
1168 1266 1317 1334 Massam
1334 1269 1482 1357 primam
1503 1269 1590 1336 dicit
1605 1295 1674 1339 ease
1696 1268 1853 1358 gangliou
1873 1266 2019 1333 ollactu-

329 1389 448 1457 aium
471 1391 671 1469 argumente
701 1375 891 1444 sententiae
926 1399 1006 1446 anae
1035 1377 1221 1469 praecipue
1249 1375 1363 1444 adfert
1389 1395 1580 1464 texturam,
1612 1400 1696 1449 tunc
1716 1379 1809 1473 quod
1833 1373 2023 1448 mammslia

336 1493 523 1592 quamdam
544 1492 690 1560 formem
712 1486 924 1576 gangliorum
941 1488 1084 1558 olfactus
1111 1487 1281 1574 offerunt,
1304 1488 1490 1579 dampere
1515 1496 1666 1562 anterior
1686 1493 2019 1583 hemisphaeriorum

336 1610 483 1702 piscium
500 1607 608 1672 instar
631 1616 789 1692 separata
808 1615 871 1672 est.
914 1599 1049 1676 Nullius
1071 1594 1235 1670 momenti
1264 1601 1357 1696 apud
1382 1624 1460 1671 eum
1485 1607 1694 1696 comparatio
1713 1605 1847 1674 cerebri
1872 1603 2019 1692 piscium

338 1745 417 1790 cum
438 1719 626 1808 embryone
655 1711 885 1784 mammslium
905 1729 941 1783 et
967 1713 1098 1800 aviumg
1133 1713 1221 1782 dicit
1236 1715 1333 1781 enim
1362 1737 1544 1804 «corpora
1567 1709 1826 1808 quadrigemina
1847 1737 1918 1782 non
1940 1728 2021 1780 aunt

332 1865 355 1910 e
374 1825 452 1902 ca'va
472 1831 565 1900 utin
583 1827 759 1917 piscibus,
778 1826 840 1895 sed
857 1825 985 1906 solida,
1013 1844 1048 1895 et
1066 1825 1313 1918 hemisphaeria
1335 1849 1406 1895 non
1427 1845 1507 1896 sunt
1522 1829 1632 1896 solida
1655 1846 1693 1896 ut
1708 1830 1744 1896 in
1760 1830 1932 1920 piscibus,
1959 1823 2019 1894 sed

329 1977 355 2019 a
373 1968 476 2028 carna
489 1945 514 1977 ’⁹
536 1961 643 2032 porro
658 1940 761 2008 etiam
780 1937 1022 2007 animadvertit
1038 1939 1219 2008 cerebrum
1232 1939 1409 2029 reptilium
1427 1941 1584 2010 eamdem
1594 1941 1744 2009 sormam
1770 1942 1895 2008 habere
1918 1961 2022 2029 quam

331 2060 494 2152 piscium·
539 2050 733 2130 Convenit,
755 2049 785 2116 si
800 2047 1059 2120 adhaerendum
1073 2053 1118 2120 ait
1139 2075 1322 2123 nervorum
1344 2055 1538 2142 optinorum
1559 2056 1708 2142 origini,
1740 2077 1881 2122 massam
1903 2053 2016 2116 inter-

329 2169 483 2240 medium
499 2189 578 2232 cnm
597 2161 693 2231 nulla
708 2161 773 2231 alia
785 2161 968 2231 convenire
984 2181 1081 2252 parte
1097 2163 1162 2230 nisi
1182 2185 1259 2230 cunr
1272 2163 1396 2232 lohulis
1415 2165 1536 2257 opticic
1549 2169 1683 2252 avium,
1704 2165 1892 2235 secundum
1912 2166 1944 2232 G
1956 2164 2018 2228 al·

333 2282 442 2352 lium
464 2275 668 2365 corporibus
684 2271 965 2366 quadrigeminis·
1010 2273 1167 2340 Serrea
1197 2291 1318 2340 contra
1339 2275 1530 2344 obse'rravit
1550 2291 1585 2343 et
1610 2275 1725 2343 multis
1746 2275 1908 2364 exemplis
1931 2296 2019 2366 pro·

337 2395 399 2462 bat
417 2389 562 2481 piscium
579 2381 761 2453 cerebrum
780 2401 858 2450 cum
880 2379 1093 2469 reliquorum
1113 2384 1386 2453 vertebrurorum
1404 2383 1591 2474 embryone
1610 2386 1677 2473 (r)
1700 2385 1880 2454 convenire
1900 2401 1935 2450 et
1958 2383 2023 2449 boc

331 2521 375 2572 ut
396 2503 560 2570 axiomate
584 2494 697 2588 posito
713 2508 749 2562 et
768 2504 932 2583 accepto,
954 2505 993 2559 nt
1012 2517 1090 2584 pars
1111 2493 1422 2574 determinaretur.
1445 2511 1580 2586 partem
1598 2497 1733 2586 quaerit
1760 2515 1839 2562 cum
1862 2515 1901 2558 ea
1927 2513 2017 2558 con-

336 2613 531 2688 uenientem
554 2610 590 2676 in
616 2604 804 2696 embrgcne
829 2629 863 2677 r.
886 2629 916 2676 c.
941 2601 1191 2676 mammaliumt
1227 2606 1455 2674 evolutionem
1479 2607 1637 2696 sequitur
1662 2623 1744 2672 tunc
1776 2605 1881 2689 hujus
1910 2604 2017 2692 partis

220 2773 227 2794 .
335 2718 595 2793 convenientis,
614 2729 651 2782 et
675 2711 726 2784 sic
749 2712 851 2788 facile
881 2735 1029 2814 apparet
1055 2737 1239 2808 quamnam
1265 2730 1400 2806 partem
1427 2719 1600 2806 exprimet
1630 2717 1668 2782 in
1701 2717 1844 2784 cerebro
1869 2717 2023 2804 perlecto

336 2830 491 2903 animalia
516 2827 647 2912 adulti,
680 2845 716 2898 et
744 2845 829 2900 tnnc
849 2847 944 2902 certe
968 2831 1108 2913 statuit,
1138 2827 1260 2896 eodem
1289 2827 1449 2909 nomine,
1482 2825 1576 2918 quod
1612 2851 1693 2918 pars
1720 2831 1758 2896 in
1788 2825 2021 2896 mammulihus

336 2943 445 3032 gerit,
466 2942 504 3008 in
519 2939 671 3032 piscibus
689 2956 823 3034 partem
848 2939 1098 3030 insigniendum
1115 2960 1186 3008 esse
1208 2938 1289 3030 (a).
1336 2937 1394 3006 Sic
1418 2937 1502 3005 duos
1520 2939 1706 3006 anteriores
1732 2937 1887 3024 lobulus,
1911 2957 2024 3030 partes

337 3053 426 3122 dicit
447 3049 708 3142 hemisphaeriis
733 3053 911 3142 analogees
936 3053 1020 3121 dnos
1039 3047 1261 3120 intermedius
1286 3047 1488 3139 corporibus
1507 3045 1776 3138 quadrigeminis
1805 3054 1872 3121 siue
1900 3048 2025 3118 lobulis

333 3163 466 3254 ,opticia
482 3161 630 3250 simileag
654 3163 805 3256 deniqne
821 3163 981 3234 ultimum
995 3161 1150 3232 lobnlum
1168 3157 1327 3228 cerebelli
1349 3163 1499 3251 speciem
1526 3159 1669 3228 referre.
1711 3161 1784 3226 Jam
1807 3159 1900 3228 aliud
1923 3161 2023 3228 dedit

340 3289 598 3361 augementum,
620 3290 660 3342 nt
678 3277 846 3361 probaret
870 3297 1012 3344 massam
1035 3272 1223 3340 secundam
1256 3269 1445 3360 exprimere
1475 3293 1621 3360 corpora
1653 3269 1931 3358 quadrigemina,
1957 3295 2022 3360 pe·

341 3388 443 3456 titum
469 3383 513 3449 ab
539 3381 725 3450 insertione
755 3397 933 3452 constante
964 3383 1080 3471 quarti
1101 3404 1283 3453 neruorum
1304 3381 1419 3470 periet
1451 3379 1516 3448 hoc
1535 3401 1598 3468 par
1629 3382 1720 3448 enim
1742 3405 1877 3472 semper
1909 3383 2027 3448 insur-

341 3497 470 3564 tionem
499 3491 604 3561 habet
633 3491 725 3560 inter
748 3513 894 3582 corpora
923 3491 1180 3583 quadrigemina
1210 3509 1246 3562 et
1275 3491 1505 3578 cerebellum,
1530 3493 1566 3560 in
1594 3493 1745 3584 piscibus
1769 3517 1907 3586 quoque
1936 3495 2027 3561 iuter

342 3627 483 3676 messam
500 3598 688 3671 secundam
703 3616 739 3670 et
756 3604 891 3671 tertiam
908 3603 1086 3670 inseritur.

244 3759 248 3764 -
386 3709 656 3785 Desmonlins
677 3711 744 3800 (5)
766 3727 802 3778 et
828 3711 1056 3798 Magendie
1082 3733 1167 3803 opus
1190 3709 1397 3792 ediderunt,
1420 3715 1544 3804 inquo
1565 3739 1643 3784 cum
1671 3717 1870 3784 Serresio
1892 3730 1926 3781 et
1948 3714 2028 3783 br-

343 3825 445 3918 taltp
472 3834 587 3917 partc'e
613 3819 932 3890 denominaverunt·

1947 3935 2026 4004 Ca·

288 4091 292 4098 ⁵
378 4123 433 4203 (a)
456 4113 532 4180 Vide
550 4112 696 4191 Serrei,
712 4117 795 4176 Anat.
815 4125 909 4196 comp.
926 4117 965 4176 da
984 4119 1132 4195 Commu,
1150 4131 1218 4180 torn.
1231 4117 1256 4182 i.
1273 4135 1338 4196 pag.
1357 4121 1416 4174 stt.

379 4219 433 4296 (a)
456 4209 654 4288 Obiect'mncm
675 4213 781 4272 rebrat
808 4212 989 4286 Curierii,
1021 4234 1125 4294 nempe
1147 4231 1273 4290 corpora
1304 4205 1517 4289 quudrigemina
1544 4223 1606 4266 esee
1631 4203 1965 4286 solidarumque,
1992 4212 2031 4270 ita

346 4311 463 4391 quidem
492 4323 555 4368 estc
582 4307 613 4366 itt
642 4305 756 4368 animali
782 4306 902 4385 adulto,
930 4308 982 4369 scd
1004 4307 1119 4370 minine
1135 4307 1197 4368 hoc
1227 4306 1321 4365 locum
1351 4301 1456 4364 habers
1486 4302 1516 4360 in
1540 4301 1705 4384 embrpone.
1738 4307 1891 4382 (serres,
1918 4307 2033 4366 tomi·

342 4423 598 4578 wgutoqtqepfflh
623 4495 752 4558 eamdem
774 4495 914 4557 haherent
939 4495 1048 4558 cerebri
1072 4495 1191 4557 formam
1221 4495 1289 4556 atter
1309 4491 1411 4552 exinde
1439 4493 1519 4572 sequi
1542 4497 1620 4574 quod
1640 4517 1698 4574 quo
1726 4495 1812 4576 magis
1837 4495 2018 4555 deseendimu

348 4595 559 4654 inanimalium
586 4593 682 4665 serie,
715 4611 748 4654 cc
768 4591 873 4652 diutius
894 4589 1191 4674 lormamembrgonia
1217 4593 1324 4654 utera
1346 4587 1494 4665 mimalia,
1525 4593 1603 4668 quod
1628 4611 1682 4674 per
1706 4611 1736 4652 se
1766 4600 1855 4674 patet.
1888 4591 2018 4656 Seressi

348 4687 612 4858 tolllgbsridi,
628 4778 699 4845 nist
712 4777 780 4844 tier.
796 4779 846 4844 dar
862 4783 1014 4856 rubum,
1034 4791 1102 4848 toan.
1114 4783 1138 4844 1.
1155 4801 1219 4866 pag.
1230 4787 1291 4860 4¹9·

1418 4883 1490 4952 Ba
