4992 6138
573 519 930 596 conaturam
961 535 1014 590 m
1043 475 1391 608 Quausmottuu
1422 513 1752 586 zoonomcau.
1966 519 2008 586 ιε

1067 717 1166 808 Pin
1206 737 1235 806 1.

912 947 974 1024 De
1006 948 1160 1028 Nervie
1190 944 1387 1074 Cerebri.

353 1170 552 1242 Secundum
573 1169 829 1240 Cuvierinm
849 1167 862 1251 (
879 1165 919 1254 ι)
941 1163 979 1232 in
1000 1166 1153 1254 piaeibue
1174 1169 1332 1234 univerae
1351 1165 1476 1232 adeunt
1499 1165 1596 1258 paria
1612 1177 1691 1234 oeta
1706 1153 1800 1250 (a).
1823 1171 1859 1227 et
1875 1154 1992 1248 pluret

314 1301 468 1352 auctore·
497 1282 563 1350 bae
586 1279 631 1350 de
653 1303 693 1348 re
710 1289 966 1361 convenerunt,
989 1293 1026 1347 et
1046 1279 1105 1347 bie
1120 1281 1222 1348 etiam
1239 1277 1430 1350 uidebimus
1457 1278 1496 1344 in
1516 1277 1624 1348 Erote
1648 1287 1729 1344 oete
1746 1268 1875 1344 eduae.

350 1397 418 1463 Par
437 1396 598 1490 primum.
702 1386 808 1457 Nervi
824 1383 1008 1461 olfactui-ii.

349 1507 418 1574 Par
438 1503 638 1574 secundum.
699 1493 806 1566 Nervi
825 1493 947 1584 optiei.

348 1623 416 1690 Par
437 1617 588 1684 tertium.
700 1606 807 1676 Nervi
825 1603 1076 1684 oeulomotoriie

349 1731 417 1797 Par
439 1740 611 1818 quartum.
701 1715 808 1785 Nervi
830 1717 1011 1805 pathetiei.

349 1843 416 1909 Per
439 1837 609 1929 quintum.
701 1827 808 1898 Nervi
830 1827 1013 1915 trigemini.

347 1954 415 2023 Par
434 1966 581 2019 eertum.
698 1941 804 2011 Nervi
827 1938 1051 2007 adducenter.

347 2062 415 2131 Par
435 2057 628 2147 septimum.
693 2053 801 2121 Nervi
819 2048 1130 2144 gloaeopbaryngei.

345 2173 415 2240 Par
434 2183 602 2236 netarum.
698 2159 802 2229 Nervi
824 2161 912 2248 vagi.

347 2279 482 2348 Nervae
505 2270 830 2362 gloaeopbaryugeua
853 2272 997 2366 proprie
1014 2269 1082 2339 boe
1103 2267 1231 2338 neme‘u
1252 2271 1347 2338 baud
1364 2286 1537 2354 meretur,
1560 2266 1642 2358 quia
1670 2287 1741 2334 non
1767 2263 1812 2333 ad
1839 2264 1991 2356 liugnam

304 2389 400 2460 etad
420 2385 634 2475 pharyngem
652 2376 765 2448 tendit
782 2378 821 2446 in
838 2379 967 2458 anee,
989 2378 1051 2448 aed
1068 2377 1113 2446 ad
1134 2381 1283 2470 primam
1298 2379 1514 2448 branchiam.

347 2497 385 2568 Si
397 2517 523 2566 nerana
538 2491 730 2572 aenariam,
753 2503 791 2556 ut
812 2513 877 2579 par
895 2505 1093 2581 spectetur,
1124 2491 1250 2559 adeunt
1271 2513 1393 2562 netem
1414 2487 1533 2587 pariat
1556 2485 1618 2558 aed
1637 2500 1678 2555 ut
1702 2499 1821 2577 portet
1845 2483 1986 2558 videbi-3

302 2631 402 2695 mue,
424 2623 548 2676 nerent
574 2598 743 2668 acuetieua
768 2613 903 2670 tautum
922 2617 975 2670 eat
994 2623 1108 2670 ramus
1131 2601 1247 2692 quinti
1268 2601 1373 2690 puie.
1911 2581 1917 2596 ’

719 3027 801 3102 Par
833 3022 1036 3127 primum.
1093 3024 1264 3103 Nervus
1297 3021 1572 3102 olfactoriue.

340 3239 1050 3334 Nervioliaeteriiffab.1.Fig·5.1·)
1081 3241 1265 3329 egangliia
1291 3243 1423 3331 primae
1447 3263 1571 3309 marrae
1601 3241 1828 3313 anterioribus
1858 3243 1985 3313 viden·
2057 3265 2060 3272 ·

299 3375 358 3425 tur
381 3355 490 3431 eriri.
510 3372 544 3422 et
570 3357 645 3443 ipea
665 3349 821 3439 ganglia,
851 3353 1110 3437 extenuatione,
1142 3375 1266 3421 nervon
1294 3355 1504 3443 producere.
1547 3353 1716 3420 Conatant
1743 3378 1762 3423 e
1795 3355 1986 3424 substantii

301 3460 477 3546 eortieali,
507 3479 547 3530 ut
575 3467 650 3557 ipra
676 3459 816 3548 ganglia.
859 3461 1031 3528 Diameter
1055 3463 1143 3552 (5),
1175 3489 1280 3555 quam
1304 3467 1462 3535 Serrea
1491 3465 1756 3548 determinavit,
1779 3465 1851 3535 iere
1875 3463 1984 3532 dimi·

301 3575 398 3643 dium
412 3574 548 3642 videtur
574 3597 646 3642 eree
673 3567 898 3661 ganglinrum.
944 3569 1112 3640 Tendunt
1138 3574 1182 3642 ad
1212 3578 1445 3646 membranam
1473 3576 1671 3669 pituitoeam
1703 3574 1844 3645 olfactui
1867 3579 1984 3644 insen

298 3687 475 3768 rientem,
498 3681 602 3751 modo
621 3681 788 3771 aequeuti.
829 3684 919 3750 Dum
936 3681 1050 3750 adhue
1071 3685 1108 3750 in
1126 3685 1263 3752 cerebri
1279 3691 1421 3754 navitate
1442 3702 1543 3769 eunt,
1566 3689 1662 3771 juxta
1692 3707 1727 3752 ee
1745 3687 1894 3752 invicem
1914 3708 1982 3776 pn·

297 3795 477 3884 ritieupra
507 3793 630 3861 duram
654 3793 802 3859 Matrem
831 3793 967 3878 jacent,
989 3817 1059 3886 qua
1084 3787 1172 3864 dura
1208 3796 1321 3865 Matre
1344 3813 1380 3865 et
1412 3797 1485 3863 aliie
1508 3795 1713 3862 membranis
1731 3795 1853 3860 navitae
1876 3794 1987 3861 cranii

298 3903 469 3974 clauditur
494 3904 667 3972 anteriora
694 3920 835 3972 vertute
865 3901 927 3970 baa
955 3906 1168 3974 membranae
1191 3907 1387 3998 perierant,
1416 3923 1451 3972 et
1486 3929 1506 3971 a
1533 3926 1568 3970 te
1595 3903 1743 3972 invicem
1767 3905 1914 3993 reparati
1945 3905 1983 3970 iu

298 4013 435 4086 dnebue
456 4013 560 4084 sulcia
580 4013 663 4082 uaria
691 4011 877 4083 ethnoidei
903 4030 985 4083 aunt
1007 4016 1189 4099 eolioeati,
1212 4037 1297 4112 quot
1320 4013 1525 4106 relinquunt
1553 4037 1664 4103 prope
1696 4013 1864 4084 mmenloa
1885 4014 1982 4082 obli·

1898 4149 1984 4220 quoe

331 4305 344 4382 ζ
352 4305 382 4378 ι)
408 4299 633 4375 Cavieriue,
651 4303 682 4360 iu
705 4301 921 4384 anatramp..
946 4303 1063 4364 adnotat
1082 4305 1112 4362 in
1143 4307 1265 4384 piaeibue
1283 4327 1387 4372 uorem
1401 4305 1502 4388 peria,
1522 4311 1656 4384 quoniam
1681 4305 1983 4386 inebondrnpterygiia

296 4397 433 4476 neptium
450 4395 554 4455 fecialia
574 4397 671 4466 adeat,
694 4397 744 4472 qui
766 4413 871 4456 aereua
889 4397 919 4454 in
943 4397 1029 4457 oaaeie
1055 4417 1111 4458 nen
1137 4403 1315 4480 ennepicitur.

331 4497 387 4570 (a)
411 4495 634 4570 Campanae,
660 4489 689 4546 in
710 4489 913 4550 Dissertatiene
933 4493 971 4551 de
987 4493 1096 4551 Audita
1118 4493 1256 4574 pierium,
1282 4519 1386 4560 narem
1405 4500 1489 4560 etiam
1511 4497 1627 4556 adnotat
1645 4499 1746 4576 paria,
1775 4496 1843 4572 qnia
1861 4511 1980 4556 uertunt

296 4592 446 4650 metitum
467 4587 535 4646 dicit
557 4603 621 4645 aeae
644 4603 697 4662 par
721 4585 868 4664 proprium
891 4599 921 4646 et
950 4607 1015 4646 eum
1039 4607 1096 4647 non
1122 4604 1229 4668 apertat
1257 4607 1289 4654 nt
1310 4617 1421 4656 ramum
1443 4595 1535 4672 quinti
1563 4591 1648 4672 paris.
1693 4591 1782 4650 Peren
1814 4589 1851 4649 de
1873 4589 1998 4666 gluttu-¹

294 4685 456 4766 pbnryngee
476 4701 536 4739 non
556 4683 614 4757 egit
627 4723 636 4752 ,
651 4681 701 4738 aad
719 4699 821 4741 uereor
832 4683 971 4760 apiuaiea,
990 4686 1039 4761 qui
1059 4685 1096 4742 ad
1118 4689 1219 4764 pinnae
1233 4691 1389 4768 pectoraiet
1405 4691 1547 4768 tendunt,
1566 4687 1698 4770 properi
1718 4707 1795 4750 neno
1816 4684 1911 4748 habet

330 4783 386 4858 (t)
408 4779 551 4838 Diameter
570 4777 651 4841 nerei
674 4777 812 4838 oiiaeterii
830 4781 987 4840 tenendum
1010 4781 1222 4842 Serreaiurn
1240 4795 1285 4842 eat
1299 4791 1422 4856 amati.

1280 4883 1351 4953 ΒΞ
