4992 6138
455 483 494 532 to
814 458 1788 560 estoutttsnttt1›·ctet'st‚

461 641 548 708 bcnt
575 635 719 707 formem
745 637 956 724 globulorum
987 639 1293 732 imperfectorum}
1320 643 1476 734 grngliou
1499 648 1536 716 in
1563 657 1662 748 spice
1690 657 1832 728 minoris
1858 673 1913 728 est
1932 664 2146 750 magnitudi-

462 754 517 820 nis
539 777 643 846 quem
657 749 726 818 duo
747 752 938 822 inferiores
956 769 1037 819 suut
1057 755 1169 821 omnir
1190 779 1295 842 ωας
1317 755 1383 826 hoc
1404 775 1476 843 est,
1498 763 1528 826 si
1544 764 1580 830 in
1598 767 1710 836 medio
1733 772 2003 860 perscindimus,
2029 803 2148 868 punc.

466 883 577 932 turem
612 865 706 954 quusi
731 862 883 933 videmus
916 867 952 930 in
983 867 1166 954 superficie
1195 870 1347 940 interne.
1388 869 1478 936 Sunt
1504 875 1652 946 invicem
1686 885 1874 970 conjuncte
1897 889 2153 982 arachnoidel‚

461 978 522 1044 sed
550 1003 592 1044 sn
624 977 722 1042 fibris
758 967 1003 1043 medullaribus
1027 981 1097 1045 sint
1130 983 1341 1067 conjuncta,
1368 981 1513 1066 ncs'cio;
1546 1007 1678 1057 certum
1707 1011 1785 1079 est,
1826 996 1864 1063 in
1893 1001 2153 1088 prolongatione

465 1113 649 1180 corporum
689 1088 950 1182 pp'remidelium
978 1091 1047 1158 sive
1081 1094 1118 1158 in
1150 1092 1355 1184 pedunculis
1381 1099 1545 1176 cerebri,
1577 1101 1774 1189 lilonicum,
1805 1133 1825 1176 ι
1857 1110 1970 1178 tribus
2009 1119 2149 1205 gnngliis

464 1205 648 1286 conjuncte
671 1202 813 1272 intrare.
858 1199 962 1268 Nullo
978 1201 1081 1270 modo
1106 1205 1176 1272 ridi
1199 1207 1475 1293 conjunctionem
1499 1209 1567 1298 (t)
1601 1237 1678 1280 cum
1707 1221 1820 1288 nervis
1844 1223 1991 1318 opticis‚
2014 1227 2145 1320 deque

464 1313 712 1380 Cuvierius.
757 1314 830 1380 Sub
851 1315 959 1378 bisin
980 1316 1125 1381 caritate
1151 1317 1294 1405 proprie
1316 1320 1424 1384 cranii
1442 1319 1537 1388 adest
1553 1346 1677 1412 corpus
1698 1330 1759 1416 (ρ)
1784 1334 1890 1417 (Τὼ,
1915 1355 1945 1405 ¹·
1966 1339 2039 1426 pig·
2055 1365 2088 1412 ²·
2101 1344 2160 1432 p),

463 1423 722 1512 glandensem,
745 1441 904 1491 constans
923 1448 941 1490 e
964 1426 1073 1511 grisei
1094 1427 1255 1509 materie,
1278 1444 1314 1494 et
1338 1429 1436 1495 oculo
1468 1451 1597 1501 ermeto
1628 1438 1729 1504 striae
1754 1438 1849 1509 albae
1875 1445 1916 1512 in
1944 1471 1984 1514 eo
2005 1454 2151 1542 conspi-

467 1539 627 1616 ciuntur,
661 1557 731 1600 nou
761 1557 880 1601 cavum
907 1553 959 1601 est
988 1553 1126 1604 etcum
1162 1538 1302 1625 gangliis
1337 1540 1445 1608 tribus
1478 1545 1653 1638 prioribus
1683 1552 1908 1638 conjunctum
1936 1581 2009 1629 nou
2040 1565 2160 1640 solum

466 1648 534 1714 tell
554 1644 737 1732 cellulum,
756 1646 817 1716 sed
839 1647 935 1716 fibris
959 1650 1060 1718 etiem
1081 1649 1336 1720 medullaribus.

1078 1832 1277 1908 Medulla
1310 1835 1524 1936 spinalis.

511 2023 562 2088 lta
584 2039 725 2088 uocatur
744 2045 849 2090 messa
875 2023 983 2090 ceneli
1007 2025 1192 2092 vertebruli
1224 2025 1365 2094 incluse.
1409 2030 1566 2118 Figuram
1586 2034 1686 2105 offert
1716 2039 1940 2130 cylindricem
1954 2073 1974 2133 ‚v
1990 2051 2161 2123 inferiore

465 2157 581 2200 rcrsus
604 2135 728 2200 sensim
754 2139 947 2226 sensimque
975 2137 1143 2206 decrescit
1171 2155 1205 2204 et
1223 2139 1361 2207 demum
1391 2145 1428 2210 in
1448 2143 1545 2214 filum
1573 2145 1711 2219 desinit.
1755 2153 1854 2224 Intus
1886 2162 1983 2230 sdest
2004 2165 2150 2252 ceuelis,

468 2246 528 2334 qui
557 2262 722 2334 equanto
749 2247 938 2316 ventriculo
971 2251 1108 2315 initium
1134 2249 1258 2334 bebet3
1297 2252 1325 2317 si
1345 2257 1589 2346 perscindetur
1610 2261 1761 2330 medulla
1784 2274 1998 2342 transverssli
2021 2281 2152 2346 sectio·

467 2381 531 2439 ne,
557 2357 613 2422 bic
640 2355 766 2424 canalis
788 2377 917 2449 puncta
938 2361 1068 2428 rediutr
1086 2361 1222 2430 videtur
1247 2364 1359 2452 (Tab.
1377 2367 1421 2436 V.
1444 2368 1470 2436 f.
1491 2375 1522 2441 5.
1547 2373 1640 2462 G·)r
1675 2375 1804 2468 ubique
1825 2385 1980 2468 ejusdem
1999 2407 2051 2457 est
2073 2389 2153 2460 die·

465 2473 590 2551 metri,
612 2471 650 2536 in
676 2469 735 2538 iilo
753 2494 822 2560 quo
848 2472 1001 2540 medulla
1022 2469 1149 2538 desinit
1176 2495 1247 2541 non
1272 2482 1462 2563 procurrit.
1505 2484 1617 2552 Messe
1638 2483 1715 2554 lem
1742 2506 1796 2560 est
1824 2508 1859 2562 et
1889 2497 2037 2589 pulpos·
2067 2527 2160 2596 qm.

466 2584 524 2670 pit
544 2582 655 2648 Matre
679 2579 870 2646 includitur
888 2598 924 2648 et
945 2585 1124 2648 retinetur.

509 2691 604 2758 Sulci
626 2690 752 2758 adsunt
770 2690 842 2756 duo
863 2693 976 2778 (Teb.
995 2697 1038 2764 v;
1061 2692 1087 2759 f.
1106 2697 1139 2764 ὅ.
1162 2693 1230 2764 Λα.
1253 2695 1360 2787 Bb),
1382 2722 1475 2769 uuus
1499 2705 1674 2792 anterior,
1705 2732 1799 2780 unus
1815 2721 2011 2804 posteriore
2046 2741 2151 2794 unte·

465 2805 538 2871 rior
561 2805 669 2890 major
692 2819 755 2870 est.
799 2803 860 2869 llis
890 2804 993 2872 sulcis
1026 2804 1177 2876 medulla
1209 2807 1348 2899 spinalis
1373 2811 1410 2877 iu
1439 2829 1555 2901 pectes
1582 2816 1667 2884 duee
1689 2818 1845 2894 laterales
1870 2828 2156 2921 dividitur3·sed

465 2918 568 2984 etism
587 2916 621 2980 in
642 2915 847 2981 anteriorem
866 2931 902 2985 et
924 2917 1148 3006 posteriorem
1167 2918 1336 2987 dividitur
1352 2939 1506 3010 pertem3
1530 2946 1573 2996 ex
1593 2947 1742 3020 quatuor
1764 2957 1846 3025 ergo
1867 2939 2036 3012 fasciculis
2062 2969 2152 3018 con·

467 3045 533 3094 stat
551 3027 720 3110 medulla,
749 3049 894 3114 quorum
910 3031 1114 3116 posteriores
1136 3030 1206 3097 duo
1224 3029 1387 3102 desinunt
1404 3037 1465 3104 ubi
1485 3036 1583 3107 filum
1600 3041 1746 3134 incipit,
1771 3051 1865 3142 quod
1883 3053 1962 3123 solis
1980 3061 2154 3152 posterior·

466 3139 561 3208 ribus
585 3139 764 3208 formatur.
805 3139 942 3209 Exinde
963 3143 1122 3234 sequitur
1139 3142 1292 3213 censletn
1313 3170 1384 3217 nou
1408 3149 1447 3216 in
1469 3149 1536 3220 boc
1553 3175 1597 3222 se·
1608 3157 1797 3233 extendere
1820 3161 1897 3236 filo.

510 3511 707 3600 Antequem
729 3531 824 3579 nuuc
854 3523 1065 3578 transeamus
1087 3509 1130 3577 ed
1159 3535 1343 3581 nervorum
1371 3513 1658 3608 descriptionem,
1688 3525 1795 3597 credo
1820 3529 1916 3600 bunc
1945 3537 2166 3628 aptissimum-

467 3646 539 3691 csse
559 3623 697 3707 locum,
719 3625 763 3691 de
781 3624 932 3714 partium
960 3623 1177 3713 expressione
1196 3623 1363 3693 nonnulle
1387 3631 1592 3702 adnotandi.
1634 3637 1738 3706 Certe
1766 3659 1922 3711 suctores
1951 3669 2022 3712 non
2042 3649 2154 3718 eidem

469 3736 624 3827 opinioni
654 3735 771 3806 fovent
791 3754 825 3805 et
845 3737 1023 3806 diversitas
1050 3737 1190 3830 quidem
1213 3738 1415 3810 interritos
1438 3743 1685 3812 eruditissimos
1702 3747 1850 3814 menime
1868 3766 1931 3820 est.
1976 3757 2158 3824 Anatomi--

471 3848 532 3930 ci‚.
549 3849 608 3937 qui
632 3850 841 3937 potissimum
866 3852 910 3918 de
934 3851 999 3917 bec
1014 3874 1052 3919 re
1076 3853 1352 3945 inquisiverunt,
1377 3865 1457 3918 sunt
1479 3852 1735 3940 Cuvierius,
1759 3855 1893 3929 Gerus
1914 3878 1949 3932 et
1970 3863 2159 3955 Serresr

469 3983 535 4024 nec
552 3981 643 4039 non,
666 3963 726 4046 qui
745 3958 864 4028 ultimo
886 3960 964 4029 loco
988 3987 1059 4031 non
1077 3963 1317 4030 memorandus
1340 3949 1445 4048 esset,
1468 3965 1564 4032 Dect.
1584 3965 1777 4060 dereby,
1812 3975 1910 4060 cujus
1939 3994 2050 4048 tamen
2069 3983 2151 4048 Dig-

470 4071 691 4138 sectationem
707 4069 817 4157 ipeern
839 4071 954 4151 ridere
971 4074 1058 4142 mibi
1081 4074 1173 4141 bend
1193 4075 1348 4164 contigit.
1392 4077 1444 4144 De
1468 4075 1582 4145 tribue
1590 4079 1765 4170 prioribus
1784 4082 1888 4173 igitur
1906 4100 2039 4158 tentum
2057 4094 2155 4186 loqui

2067 4229 2153 4302 ΡΨ·

502 4348 557 4422 (ι)
579 4341 676 4405 Nullis
694 4348 849 4407 secundum
879 4349 1015 4409 Carum
1033 4349 1171 4434 praebent
1202 4351 1338 4430 originem
1363 4353 1422 4418 sire
1441 4354 1585 4435 birmento
1610 4362 1728 4440 neris,
1754 4371 1785 4424 et
1801 4364 1848 4426 bic
1868 4373 1965 4428 endor
1988 4384 2022 4428 cs
2044 4368 2162 4448 ganglia·

468 4444 558 4501 credit
576 4460 637 4500 esse
655 4438 835 4522 hypepbysin
856 4443 971 4503 cerebri.

502 4545 514 4615 (
524 4542 558 4614 r)
585 4541 665 4596 Hanc
685 4541 793 4599 cerebri
811 4541 1009 4620 hypopbysin,
1031 4543 1068 4601 de
1091 4563 1149 4621 que
1168 4545 1365 4606 Curierius
1387 4559 1475 4622 tecet,
1494 4549 1664 4630 plerumque
1682 4555 1800 4617 Gerus
1823 4575 1886 4618 sese
1904 4555 2043 4616 invenisse
2066 4567 2157 4616 testu·

469 4638 568 4694 turin
586 4637 702 4692 cavitate
717 4637 830 4715 propris
855 4637 1045 4698 esubstrutia
1066 4640 1173 4717 duplici
1200 4653 1393 4715 consumens,
1426 4646 1516 4722 grisea
1532 4659 1562 4704 et
1583 4647 1648 4706 elba
1675 4660 1705 4708 et
1729 4651 1801 4728 stylo
1822 4655 1947 4730 quodem
1967 4673 2030 4714 curn
2057 4657 2163 4716 messis>

470 4735 561 4794 tribus
580 4731 788 4811 subjacentibus
810 4735 992 4812 conjunctum.
1026 4737 1163 4814 Gerus,
1182 4739 1265 4804 Vere.
1288 4741 1367 4800 einer
1388 4743 1484 4802 Daret.
1510 4742 1561 4806 dee
1582 4743 1829 4827 llerreusysteuu,
1846 4771 1911 4832 pag.
1926 4757 1983 4822 rie.
