4988 6146
472 437 517 506 50
821 429 1101 504 csnott
1156 423 1432 502 stuntrtt
1493 427 1801 512 altrat.

471 615 509 682 in
527 613 635 682 Esoce
659 613 765 682 Lucio
782 630 818 683 et
837 615 875 682 in
895 609 1050 680 Piscibus
1072 611 1250 678 maximam
1263 609 1464 680 obtulerunt
1475 611 1723 693 evolutionem,
1741 613 1778 679 in
1803 612 1940 680 bomine
1963 635 2034 684 non
2055 614 2156 685 aliam

472 725 677 797 relationem
694 723 738 794 ad
753 724 1022 814 baemispbaeria
1035 725 1177 807 babent,
1191 749 1292 816 quam
1303 723 1436 812 genglia
1452 747 1635 794 nervorum
1645 723 1870 793 acuaticorum
1881 727 1923 792 ad
1938 728 2157 804 cerebellum.

516 837 662 926 Ganglia
685 861 869 909 nervorum
888 839 1115 905 scotticorum
1135 837 1291 906 eamdem
1307 837 1438 906 babent
1449 839 1617 906 rationem
1637 839 1675 904 in
1687 836 1849 920 bomine,
1868 863 1969 928 quam
1982 841 2017 907 in
2040 845 2155 912 Mam·

470 952 638 1030 malibus,
660 949 706 1020 de
729 950 853 1043 quibus
874 950 941 1035 iam
953 949 1100 1034 egimus,
1126 951 1345 1018 commissura
1373 966 1540 1039 excepta,
1571 950 1616 1018 de
1651 973 1719 1040 qua
1740 948 1869 1016 Carus
1901 951 2073 1042 loquitnr3
2096 979 2154 1024 se·

473 1065 626 1134 cundum
642 1088 746 1140 enm,
769 1059 931 1131 taseteuto
962 1059 1158 1130 medullaris
1189 1061 1398 1131 substantiae
1421 1061 1459 1130 in
1478 1061 1589 1130 fundo
1605 1063 1720 1153 quarti
1739 1062 1923 1133 ventriculi
1942 1066 2077 1151 jacente
2092 1091 2156 1138 ex-

469 1183 688 1270 primeretur·

516 1291 670 1356 Farsalia
697 1289 809 1364 minus
829 1285 1048 1366 esterolutr,
1081 1285 1211 1353 scilicet
1243 1287 1460 1378 Hypopbysis
1481 1284 1626 1352 cerebri.
1670 1285 1743 1351 Jant
1764 1287 1800 1352 in
1819 1287 2057 1359 diammalibns
2086 1316 2156 1362 non

479 1403 710 1470 dubitandum
730 1413 804 1479 est,
827 1401 911 1486 quin
934 1397 1016 1462 brec
1035 1420 1114 1485 pars
1133 1399 1243 1462 minus
1270 1397 1313 1462 sit
1330 1396 1463 1464 evoluta
1484 1420 1585 1485 quem
1612 1395 1649 1460 in
1671 1399 1862 1482 prioribus,
1885 1424 1914 1469 v.
1938 1425 1970 1470 c.
1992 1403 2029 1469 ln
2052 1407 2160 1496 piaci-

472 1519 564 1597 bus,
582 1512 803 1580 nbimsxima
824 1509 1019 1599 reperitur:
1051 1509 1088 1575 in
1112 1509 1248 1576 bomine
1280 1507 1381 1576 etiam
1401 1509 1505 1594 magis
1532 1505 1626 1595 quod
1651 1506 1694 1572 ad
1724 1531 1866 1576 massam
1896 1511 2086 1600 decrescit,
2112 1521 2164 1588 sic

475 1626 679 1709 Wenael,
701 1625 738 1692 in
759 1623 901 1692 cerebro
931 1643 1112 1704 granorum
1139 1643 1268 1704 rusco,
1289 1619 1424 1688 invenit
1450 1617 1669 1710 hypophysin
1702 1615 1952 1706 longitudinem
1978 1625 2165 1699 habentem

476 1757 624 1834 quatuor
652 1737 820 1806 linearum
841 1750 876 1800 et
897 1730 1114 1801 latitudinem
1143 1757 1203 1802 sex
1228 1733 1422 1816 linearum3
1448 1729 1531 1798 dum
1558 1733 1595 1796 in
1614 1753 1705 1820 equo
1725 1755 1756 1800 v.
1783 1753 1812 1798 o·
1831 1736 2009 1804 cerebrum
2030 1765 2162 1825 grano·

476 1877 556 1920 rum
590 1853 695 1940 9540,
730 1845 950 1938 bypopbysin
997 1845 1173 1932 babebat,
1207 1847 1305 1932 cujus
1331 1843 1510 1933 longitudo
1540 1860 1614 1912 eret
1643 1844 1812 1912 linearum
1840 1845 1980 1932 decem,
2012 1851 2160 1923 lstitudo

475 1967 578 2035 etiarn
602 1963 734 2031 docem.

521 2073 628 2162 Quod
655 2069 699 2138 ad
728 2095 850 2166 corpus
877 2071 1076 2163 hypopbysi
1112 2071 1319 2160 analogum,
1352 2071 1455 2138 etiam
1477 2071 1591 2156 negari
1622 2071 1744 2163 nequit
1774 2069 1968 2158 glandulam
1989 2075 2161 2148 Pinealem

476 2187 680 2254 diminutam
694 2206 766 2250 esse
784 2183 878 2273 quod
897 2187 941 2253 ad
955 2209 1116 2270 massam,
1142 2207 1251 2276 equus
1269 2183 1403 2252 adultus
1421 2185 1514 2250 enim
1525 2185 1685 2270 majorem
1703 2182 1807 2249 babet
1824 2185 2040 2270 glandulam,
2060 2215 2164 2282 quam

477 2301 591 2368 homo.
634 2297 712 2367 Nou
738 2295 802 2364 bac
833 2301 1045 2392 proprietate
1069 2317 1202 2366 tantum
1221 2323 1315 2364 suam
1337 2297 1634 2386 degenerationem
1658 2295 1830 2373 ostendit,
1850 2297 1907 2365 sed
1935 2303 2036 2371 etiam
2054 2327 2163 2372 massa

479 2425 788 2502 concretaterrea,
815 2409 1039 2480 sive—oelcnlia
1059 2414 1169 2502 quiin
1188 2434 1250 2495 ea,
1271 2411 1373 2480 etiem
1387 2413 1424 2478 in
1444 2409 1580 2478 bomine
1597 2432 1704 2494 sano,
1724 2411 1900 2479 invenitur
1911 2415 1993 2482 inde
2012 2417 2055 2483 ab
2072 2441 2163 2486 anno

476 2526 623 2615 septimo
649 2545 728 2590 suae
743 2525 873 2590 aetatis.

521 2637 580 2704 Sic
604 2632 647 2698 ad
669 2633 875 2700 cerebellum
894 2635 1007 2722 ipsum
1028 2657 1260 2726 properamus.
1304 2635 1402 2700 Hanc
1421 2657 1561 2701 massam
1582 2635 1618 2700 in
1642 2633 1781 2700 homine
1802 2655 1872 2704 non
1895 2637 2162 2729 depauperatattt

477 2749 705 2837 reperiemur,
729 2769 933 2832 quemquam
953 2771 1022 2812 nou
1039 2749 1178 2814 adaucta
1202 2763 1252 2812 ost
1273 2745 1377 2835 ipsius
1400 2771 1534 2828 massa,
1559 2745 1690 2811 fabrica
1707 2761 1741 2810 et
1761 2746 1908 2814 evolutio
1933 2769 2050 2836 typum
2073 2774 2161 2844 per.

480 2859 659 2926 lectiorem
689 2853 896 2920 ostendebit.
953 2859 1000 2924 Ut
1025 2861 1093 2942 jam
1126 2859 1163 2920 in
1202 2857 1430 2922 anterioribus
1468 2854 1801 2937 animadvertimus,
1834 2857 1996 2924 cerebelli
2030 2881 2166 2951 semper

482 2987 608 3036 certam
632 2965 798 3032 rationem
823 2989 893 3032 esse
914 2965 957 3033 ad
973 2965 1158 3035 medullam
1175 2964 1344 3055 spinelem
1359 2965 1453 3054 qnod
1474 2965 1518 3031 ad
1540 2989 1702 3050 massam,
1726 2969 1827 3035 etiam
1844 2969 1881 3035 in
1899 2969 2036 3038 bomine
2056 2995 2166 3046 massa

480 3078 642 3150 cerebelli
669 3078 811 3145 minima
833 3097 884 3146 est
903 3079 1054 3146 omnium
1077 3078 1329 3160 Mammalium,
1350 3079 1481 3144 ratione
1506 3077 1620 3144 babitu
1643 3080 1789 3146 cerebri.
1834 3081 1892 3150 Sic
1920 3083 2163 3158 Soemmer.

479 3195 655 3280 ringius
676 3193 744 3276 jam
762 3189 913 3258 ostendit
932 3192 1129 3260 bominibus
1154 3189 1361 3260 cerebellum
1389 3189 1566 3256 minimum
1589 3193 1769 3280 proprium
1789 3215 1874 3263 esse.
1919 3197 2051 3264 Tamen
2067 3201 2166 3292 quod

480 3305 522 3371 ad
540 3303 747 3386 medullam,
770 3305 871 3372 bomo
890 3329 1047 3392 magnum
1063 3304 1169 3372 hebet
1190 3304 1417 3385 cerebellum,
1441 3301 1534 3394 qnotl
1561 3303 1749 3395 respondet
1765 3329 1823 3374 sue
1852 3309 1976 3396 majori
1992 3309 2165 3388 evolutio-2

480 3441 533 3484 ae.
575 3415 732 3484 Vidimus
762 3419 831 3500 jem
862 3417 898 3482 in
926 3414 1165 3483 lllemmslibus
1198 3441 1275 3482 curn
1308 3419 1425 3500 ntajori
1462 3419 1559 3506 copia
1590 3419 1798 3488 substentine
1828 3421 2167 3508 gangliosaenovm

480 3546 637 3618 partem,
663 3529 932 3606 commissuram,
963 3543 1106 3616 pontem
1133 3527 1305 3598 Verolii
1343 3529 1527 3614 accedere,
1560 3529 1609 3596 sic
1635 3531 1738 3598 etiam
1770 3533 2008 3610 adauctionem
2036 3538 2163 3610 lobnlis

478 3639 698 3725 lateralibus,
725 3639 816 3730 quod
838 3660 938 3707 omna
954 3663 1072 3708 rursus
1090 3641 1127 3708 in
1153 3641 1290 3708 bomine
1317 3642 1415 3708 nobis
1445 3641 1580 3709 obvium
1603 3641 1665 3727 lit,
1692 3657 1813 3734 etque
1839 3651 1941 3733 magis
1971 3664 2052 3716 aunt
2075 3671 2168 3720 evod

479 3755 542 3820 luti
563 3753 671 3821 lobnli
688 3753 869 3835 laterales,
887 3775 928 3820 eo
947 3753 1061 3820 minus
1084 3776 1260 3846 processus
1279 3753 1528 3822 vermicularist
1554 3776 1679 3845 corpus
1700 3755 1816 3825 ciliare
1834 3759 1870 3823 in
1884 3756 2006 3824 lobnlis
2028 3759 2164 3826 lutera·

478 3865 568 3931 libus
590 3871 691 3932 etiarn
722 3866 858 3933 confert
881 3865 925 3932 ad
946 3865 1230 3954 perfectissimum
1258 3882 1377 3957 typum
1398 3867 1683 3957 exprimendumr
1706 3870 1915 3966 appendices
1937 3870 2116 3958 terrete,
2142 3901 2162 3942 a

480 3979 623 4042 tteitio
640 3979 760 4064 stoecr'
785 3996 946 4060 vocatas,
969 3975 1141 4047 volumine
1162 3981 1433 4056 imminuuntur,
1457 3979 1539 4047 dum
1565 4005 1647 4072 pons
1667 3987 1774 4071 major
1788 4002 1841 4051 est
1852 3985 1891 4052 in
1911 3983 2060 4054 bonine.
2104 3987 2161 4056 Sic

480 4091 652 4176 spaternati
676 4087 845 4156 medullae
869 4106 904 4157 et
924 4111 1108 4160 nervorum
1127 4089 1310 4181 spinalium
1334 4089 1505 4182 praevalet
1528 4093 1758 4182 cerebellum,
1783 4095 1877 4190 quod
1899 4119 2019 4168 contre
2042 4103 2169 4168 minori

480 4221 588 4264 musea
610 4213 645 4263 et
669 4202 849 4268 caritatuut
872 4201 1024 4268 absentie
1042 4203 1194 4270 ostendit
1217 4200 1494 4295 bremisplracriis
1519 4205 1780 4274 subordinatum
1797 4235 1880 4279 ease.

526 4309 583 4378 ste
604 4309 759 4396 partibus
778 4309 872 4378 bisce
894 4310 1084 4399 descriptis
1107 4318 1282 4380 marimum
1304 4319 1497 4400 agnovimus
1520 4317 1704 4398 irnitntema
1728 4321 1811 4388 dum
1833 4323 1868 4392 in
1891 4321 2038 4389 bominis
2058 4346 2166 4392 cere·

482 4423 546 4490 bro
564 4443 680 4488 omnes
701 4444 814 4516 partes
833 4423 1110 4518 haemisphaeriis
1132 4443 1213 4492 sunt
1235 4427 1497 4496 subordinatas:
1521 4431 1557 4494 in
1576 4429 1617 4495 iis
1636 4452 1739 4519 vero,
1760 4431 2033 4522 praevalentibus
2057 4461 2166 4506 masse

480 4549 515 4616 et
534 4531 729 4602 evolutione
761 4539 939 4628 partium,
962 4555 1109 4630 apparet
1135 4539 1309 4612 uenirem
1333 4541 1410 4626 isare
1440 4539 1590 4630 prinum
1612 4541 1727 4612 tneeaa
1755 4559 1874 4612 mena
1897 4545 1937 4612 in
1964 4549 2163 4626 wimrlium

477 4667 575 4720 sarto.
944 4709 949 4722 .

522 4755 628 4848 Quod
660 4761 785 4827 attinet
808 4759 852 4828 atl
878 4781 1019 4830 massam
1036 4761 1431 4860 ¹lluemispltseriortttn,
1460 4789 1584 4856 magna
1611 4781 1663 4838 est
1689 4778 1849 4860 respectu
1874 4769 2000 4864 rellqtti
2028 4773 2162 4844 cerebri

2130 4903 2167 4956 ei
