4992 6138
621 525 980 602 couuuursrto
1012 537 1065 597 sn
1093 521 1441 622 Qusnsrtounus
1471 517 1800 602 zounoctcstc
2015 535 2059 626 s,

414 714 554 806 Reliqui
582 710 724 782 ordines
753 709 1011 800 distinguuntur
1044 733 1205 804 gyruum
1235 709 1447 806 praesentit,
1470 735 1557 806 quos
1596 729 1711 783 tamen
1739 714 1776 782 in
1803 713 1959 782 Glirihus
1987 715 2056 799 ient

365 835 542 930 paulisper
562 825 794 918 percepimus.
835 824 1021 921 Praecipue
1041 825 1080 891 in
1101 822 1316 906 Garnivoris,
1338 821 1650 893 Ruminentibuset
1675 825 1907 913 Solidungulis
1930 827 2055 895 edsunt

368 941 541 1017 numerosi
560 955 595 1007 et
613 933 802 1029 profundis
825 934 863 1001 in
898 933 1016 1004 Simiis'
1038 951 1151 1003 tumen
1181 931 1429 1002 numerosiores
1453 949 1534 1001 suut
1564 957 1668 1022 quem
1695 933 1732 1002 in
1750 935 1822 1004 eliis
1849 939 2053 1024 ordinibus,

376 1070 412 1125 st
430 1052 527 1121 iniis
546 1050 747 1118 enimalibus
778 1049 882 1114 etiam
908 1045 1018 1113 lobuli
1043 1045 1269 1138 posteriores,
1300 1043 1360 1136 qui
1385 1060 1504 1134 tegunt
1533 1045 1759 1133 cerebellum,
1792 1051 1905 1139 primo
1931 1053 2054 1121 evoluti

370 1182 472 1249 sunt,
502 1189 571 1255 que
601 1163 813 1256 proprietate
840 1157 883 1226 ad
909 1157 1083 1228 hominem
1112 1155 1295 1226 accedunt.
1337 1158 1379 1223 In
1403 1157 1557 1226 Ceteceis
1585 1157 1691 1228 lortes
1722 1181 1758 1230 et
1781 1167 1953 1234 numerosi
1979 1168 2054 1260 gyri

369 1277 644 1367 conspiciuntur.

410 1389 534 1455 Forma
567 1386 912 1476 haemisphaeriorum
933 1385 1105 1458 exterior,
1137 1378 1296 1446 universe
1320 1401 1464 1446 messem
1491 1377 1726 1466 oblongarum,
1756 1383 1962 1472 rotundam,
1986 1411 2051 1459 ιχ.

368 1497 502 1588 primic.
545 1497 585 1563 Iu
605 1497 743 1564 Felibus
775 1497 842 1565 leta
864 1489 1284 1581 sunthaemispheeriaet
1306 1493 1344 1558 in
1368 1492 1601 1580 Solidungulis
1620 1507 1655 1560 et
1676 1495 1940 1568 Ruminautihus
1959 1527 2056 1591 prse-

370 1611 469 1700 cipue
496 1605 540 1674 ad
564 1607 810 1675 extremitatem
838 1623 919 1674 sunt
940 1605 1073 1673 latiore.
1118 1603 1231 1670 simiis
1252 1619 1286 1670 et
1314 1605 1497 1694 Delphinis
1528 1605 1698 1696 exceptis,
1731 1629 1750 1672 e
1779 1603 1904 1675 lobulie
1935 1615 2056 1680 euticie

367 1738 404 1788 et
424 1720 564 1810 posticis
590 1737 762 1790 constent.
803 1723 927 1789 Forma
960 1717 1127 1800 interior,
1159 1717 1198 1782 iu
1232 1714 1413 1784 ordinibus
1446 1717 1550 1786 modo
1584 1718 1790 1800 nominetis,
1821 1721 1892 1788 lere
1918 1745 2054 1816 temper

370 1833 532 1902 contenit
549 1857 626 1899 cum
644 1834 817 1927 descripta
834 1833 944 1900 forme
967 1829 1126 1898 Glirium·
1166 1826 1358 1898 varietates
1387 1831 1592 1921 praecipuae
1619 1848 1719 1899 sunts
1747 1855 1872 1922 eorpus
1897 1841 2071 1908 striatum.

366 1947 404 2014 in
435 1945 613 2013 nonnullis
637 1947 820 2034 speciebus
845 1959 885 2011 ut
915 1946 952 2010 in
982 1941 1160 2037 Delphinis
1189 1940 1385 2024 decrescit,
1417 1963 1541 2031 corpus
1570 1943 1732 2012 callosum
1765 1949 1872 2033 majus
1908 1949 1949 2016 fit
1977 1975 2055 2022 eum

369 2059 557 2146 majoribus
589 2057 890 2149 hemisphaeriis,
912 2055 949 2124 in
979 2055 1020 2123 iis
1048 2055 1249 2146 speciebus,
1271 2055 1333 2123 ubi
1363 2051 1498 2123 lohulus
1528 2057 1697 2144 posterior
1718 2081 1787 2126 non
1811 2057 1931 2148 adest,
1953 2066 2056 2134 etism

370 2193 479 2239 cornu
498 2171 665 2260 posterius
682 2169 908 2238 desideretur.
1968 2251 1972 2262 ἱ

414 2282 574 2351 Tandem
597 2284 640 2351 de
656 2284 762 2351 bulbo
780 2283 960 2352 olfactorio
979 2279 1147 2374 quaedem
1164 2277 1327 2347 dicemus.
1371 2277 1500 2345 Bulbus
1521 2301 1622 2346 csvus
1646 2299 1697 2350 est
1726 2299 1761 2351 et
1782 2287 1875 2374 perti
1896 2291 2057 2358 soteriori

245 2417 248 2422 “
369 2392 717 2484 haemisphaeriorum
736 2401 964 2482 conjunctus,
987 2395 1071 2460 situs
1094 2408 1145 2460 est
1172 2415 1278 2481 supra
1300 2391 1460 2458 laminam
1486 2391 1684 2460 cribrorum·
1730 2397 1897 2465 Caritates
1923 2400 2055 2470 bulbo-

370 2533 448 2578 rum
476 2531 555 2576 cum
572 2505 772 2576 ventriculis
800 2507 1149 2596 haemisphaeriorum
1179 2505 1446 2575 communicent.
1499 2505 1541 2570 ln
1567 2505 1752 2594 superficie
1780 2507 1936 2580 inferiori
1963 2514 2060 2585 edest

372 2623 573 2711 conjunctio
592 2621 690 2689 fibris
707 2621 979 2707 medullarihus,
1000 2637 1040 2688 ut
1054 2622 1091 2688 in
1108 2619 1252 2689 Avibus.
1295 2619 1337 2687 ln
1358 2617 1471 2688 Simile
1501 2632 1634 2686 tantum
1659 2620 1812 2688 omniurn
1830 2623 2061 2700 Memmelium

370 2735 497 2804 adeunt
518 2735 616 2802 nervi
644 2732 944 2806 olfactoriiliberi.
988 2735 1031 2802 ln
1057 2733 1210 2802 Ceteoeie
1240 2728 1346 2822 plene
1375 2730 1528 2816 desunt,
1559 2729 1615 2799 rel
1634 2747 1671 2799 ut
1700 2733 1739 2800 in
1768 2732 1943 2826 Delphico
1967 2741 2055 2832 (t),

367 2845 466 2916 nervi
483 2863 563 2915 sunt
581 2862 698 2914 tenues
718 2863 754 2913 et
775 2844 906 2915 molles.

411 2957 525 3030 Messa
552 2937 718 3028 s'eeunde.
763 2959 856 3028 Haec
879 2981 1005 3044 masse,
1028 2982 1133 3052 quam
1152 2957 1190 3026 in
1211 2958 1319 3028 Esoee
1347 2957 1455 3026 Lucio
1480 2955 1627 3028 vidimus
1661 2975 1881 3050 supereutem
1909 2982 2060 3052 ceteras.

372 3090 444 3142 non
471 3067 581 3138 solum
615 3068 877 3156 magnitudine,
899 3071 961 3139 sed
990 3075 1090 3140 etiam
1114 3066 1316 3160 perfectiori
1347 3065 1539 3138 evolutione
1567 3087 1603 3138 et
1636 3070 1778 3140 diuersis
1801 3077 1957 3162 partibus
1988 3105 2065 3152 eam

374 3181 683 3272 componentibus,
720 3183 824 3265 magis
848 3181 1022 3272 megisque
1043 3183 1115 3265 iam
1145 3181 1183 3245 in
1211 3177 1386 3268 prioribus
1409 3179 1617 3248 sectionibus
1646 3179 1856 3252 descendere
1885 3187 2063 3261 intellexi·

374 3313 475 3370 snus,
498 3305 535 3358 et
552 3303 713 3377 respectu
729 3312 855 3358 messae
877 3291 1009 3384 primee
1032 3305 1067 3356 et
1084 3306 1245 3378 respectu
1266 3287 1373 3382 ipsius
1391 3286 1566 3360 labricess
1601 3313 1671 3382 quo
1693 3295 1797 3383 mugis
1820 3299 1953 3386 genglin
1976 3303 2065 3374 hae..

373 3397 680 3486 miepbaeriorum,
703 3423 791 3491 quae
822 3401 893 3488 jum
909 3399 948 3465 in
965 3396 1161 3491 Ampbibiis
1191 3397 1409 3491 reperimus,
1432 3397 1585 3488 perfecta
1616 3399 1770 3492 fiebant,
1800 3430 1842 3478 eo
1868 3417 1973 3505 megis
1996 3422 2065 3513 ipsi

378 3507 487 3580 lobuli
516 3508 624 3600 optici
665 3508 838 3602 simplices
872 3533 944 3580 sese
972 3510 1183 3580 obtulerunt.
1234 3509 1278 3577 ln
1304 3509 1369 3577 hue
1401 3505 1507 3576 clusse
1537 3512 1671 3602 ganglia
1698 3519 1841 3608 propria
1882 3549 2065 3606 nervorum

377 3622 571 3716 opticorum
587 3621 689 3690 etiarn
705 3625 810 3709 magis
836 3621 1027 3692 uidebimus
1051 3621 1282 3702 decrescere,
1305 3618 1389 3686 dum
1410 3618 1542 3706 ganglia
1577 3622 1949 3723 hemisphaeriorum,
1980 3643 2063 3712 tha-

375 3729 460 3802 lami
475 3753 659 3800 nervorum
680 3733 895 3824 opticorum,
917 3733 1021 3820 mugis
1042 3730 1176 3802 evoluta
1208 3730 1443 3823 apparebunt·
1486 3731 1597 3799 Messa
1622 3735 1775 3804 secunda
1800 3740 1839 3809 in
1865 3746 2063 3828 Memmali.

357 3845 442 3915 'bue
461 3857 595 3912 constat
614 3864 634 3907 e
655 3841 796 3930 gengliie
822 3845 1195 3939 haemisphaeriorurn,
1224 3839 1326 3930 vulgo
1351 3839 1508 3910 thalamis
1534 3867 1717 3913 nervorum
1738 3852 1931 3941 opticorum
1956 3888 2061 3940 voe,-

376 3959 443 4040 tie,
464 3976 570 4046 porro
596 3975 615 4020 e
638 3953 842 4042 corporibus
869 3974 1043 4050 quotuor,
1079 3957 1135 4024 eui
1158 3977 1285 4024 nomen
1311 3975 1496 4044 corporum
1524 3954 1889 4047 qusdrigeminorums
1915 4005 2064 4073 quorum

380 4065 452 4136 duo
483 4067 657 4134 anteriore
688 4069 846 4136 referunt
887 4069 1019 4138 lobulos
1049 4069 1205 4159 opticus,
1238 4083 1273 4137 et
1300 4089 1448 4161 quorum
1485 4066 1676 4156 posteriora
1706 4077 1865 4150 oriuntur
1897 4110 1916 4155 e
1954 4093 2061 4166 lasei-

378 4177 460 4250 culo
499 4176 667 4244 librarum
704 4175 872 4244 medullae
906 4180 1136 4270 oblongataes
1172 4201 1260 4272 quoe
1300 4178 1476 4245 filamente
1500 4198 1570 4244 sess
1607 4179 1734 4269 partim
1773 4209 1902 4282 supra,
1933 4211 2062 4294 purim

379 4289 471 4370 infra
493 4283 747 4380 aquaeductum
777 4291 1003 4380 conjungunt.
1048 4291 1156 4361 Porro
1180 4290 1217 4358 in
1237 4291 1312 4360 hesi
1339 4311 1467 4360 masere
1492 4290 1662 4364 meuudee
1686 4295 1783 4368 sdest
1800 4323 1906 4379 messa
1923 4317 2062 4392 cinerea

380 4401 550 4498 simplex,
583 4401 621 4466 in
647 4399 827 4488 generibus
861 4401 1094 4494 superioribus
1124 4405 1328 4475 eminentiae
1367 4407 1583 4478 candicantes
1611 4407 1847 4497 reperiuntur.
1889 4422 2064 4504 Glandula

2008 4563 2071 4632 pl·

413 4695 474 4772 (s)
495 4691 689 4752 Gusierius
710 4702 794 4772 negat
809 4711 911 4757 uersos
936 4692 1094 4756 elisutorius
1111 4693 1226 4768 edesse,
1242 4693 1294 4756 sed
1314 4693 1429 4756 Cetus
1445 4693 1610 4756 auctoritaie
1630 4695 1726 4760 nitens
1748 4698 1907 4785 ambigui,
1931 4713 2063 4790 ”⁰0¹⁰ss

352 4845 359 4858 .
381 4787 585 4856 tasonem,
603 4787 724 4850 slinnet
741 4809 841 4852 mrum
858 4791 1059 4870 muam-
1092 4789 1169 4860 Vide
1185 4789 1316 4868 Gerus,
1331 4789 1461 4862 γεω
1476 4801 1551 4874 ete,
1569 4813 1635 4876 pq,
1654 4801 1716 4862 m,
