4992 6138
494 504 539 574 56
852 489 1143 562 CARO‘LI
1193 483 1844 570 transmearat,

501 685 622 754 ohtut'u
640 677 728 747 thesi
746 691 881 744 nostrae
913 673 1123 742 contrarium
1154 667 1263 739 rideri
1293 687 1429 766 potest,
1461 673 1640 740 cerebrum
1671 691 1796 762 nempe
1829 670 1941 740 foetus
1958 669 2195 742 Mammslium

505 819 584 862 cum
603 787 750 884 piscium
770 785 915 852 cerebro
931 781 1140 863 convenire,
1162 781 1223 878 sed
1240 783 1352 849 minus
1378 797 1495 851 reete‘e
1517 803 1588 850 non
1613 781 1706 850 enim
1727 803 1828 850 sanae
1854 779 1980 848 rationi
2012 783 2194 878 convenit,

501 905 634 975 foetum
654 904 768 991 primo
787 891 1020 974 Meliuscum,
1049 906 1132 958 tunc
1150 893 1307 973 Piscem,
1324 913 1431 982 porro
1451 891 1697 986 Amphihium‚
1723 893 1878 984 denique
1904 892 2084 960 Mammula
2111 895 2194 961 ani·

506 1010 576 1080 mal
593 1009 811 1097 exprimeret
837 1025 972 1092 semper
992 1001 1030 1066 in
1050 1017 1128 1068 ortu
1151 1015 1187 1068 et
1203 1001 1397 1070 evolutione
1414 1020 1535 1094 typum
1551 1025 1686 1070 servare
1702 1003 1827 1085 tlehet,
1850 1016 1905 1080 et,
1927 1015 1967 1066 ut
1981 999 2032 1068 its
2053 999 2194 1083 dicam,

506 1127 638 1192 loetum
662 1118 810 1185 hominis
834 1137 928 1195 esse,
949 1127 1154 1176 monstrare.
1197 1109 1287 1177 Cum
1308 1133 1403 1179 nuno
1432 1112 1612 1181 character
1633 1113 1838 1202 prsecieuus
1865 1109 2000 1179 cerebri
2025 1111 2195 1192 heminis,

508 1241 546 1304 in
567 1229 798 1324 praevalentis
811 1224 982 1294 'consistat
995 1219 1131 1289 cerebri
1153 1217 1324 1287 medullae
1341 1219 1503 1310 spinalis,
1524 1233 1560 1286 et
1576 1218 1924 1316 hemisphaeriorum
1948 1224 2090 1314 reliquis
2108 1246 2194 1313 par·

508 1348 626 1427 tibus,
647 1344 706 1408 hic
733 1339 912 1406 character
934 1349 1055 1422 typum
1075 1352 1174 1397 suum
1198 1352 1333 1400 cervara
1353 1330 1459 1400 dehet
1478 1333 1516 1398 in
1539 1333 1634 1398 omni
1651 1337 1853 1404 evolationis
1868 1336 1990 1403 stadio.
2034 1337 2106 1401 Nec
2127 1336 2195 1400 mi-

507 1482 587 1525 rum
605 1475 688 1540 ergo
709 1455 746 1518 in
766 1449 861 1517 foetu
882 1441 1152 1532 haemisphaeria
1170 1441 1329 1512 citissime
1353 1443 1570 1531 praevalere,
1586 1460 1630 1512 et
1654 1447 2003 1516 circonvolutionihus
2019 1447 2197 1534 exceptis,

512 1582 752 1659 quaerentum
772 1561 810 1625 in
833 1557 957 1648 quinto
983 1575 1102 1622 mense
1122 1554 1278 1645 perfecte
1299 1571 1490 1650 apparent,
1522 1557 1593 1641 jam
1617 1559 1655 1624 in
1677 1558 1857 1628 individuo
1883 1560 1988 1627 trium
2007 1560 2196 1640 mensium,

507 1703 592 1750 ,cum
615 1669 893 1768 hemisphaeriis
911 1663 1045 1750 adulti,
1066 1664 1104 1732 in
1124 1669 1320 1762 praecipuis
1341 1668 1536 1735 conuenire.

555 2101 606 2168 lit
620 2100 671 2166 sic
700 2105 840 2186 quartae
861 2085 1030 2167 sectioni,
1056 2082 1167 2152 sotius
1193 2101 1318 2168 nempe
1348 2080 1613 2172 comparationis
1641 2084 1755 2173 parti,
1788 2085 1892 2153 tinen
1914 2086 2069 2177 impono.
2121 2087 2201 2156 Noe

513 2210 688 2298 copiosam
705 2195 973 2290 descriptionem
995 2195 1168 2261 conficere
1190 2191 1276 2259 mihi
1298 2213 1566 2282 proposueram,
1587 2192 1648 2262 sed
1661 2210 1799 2265 tantum
1816 2197 2001 2288 praecipua
2018 2197 2202 2286 peculieria

517 2325 752 2404 cujuscunque
769 2308 927 2388 ordinis,
950 2303 1073 2393 quibus
1092 2325 1170 2372 cum
1187 2303 1261 2372 aliis
1279 2301 1488 2372 conveniunt
1506 2316 1542 2368 et
1563 2302 1607 2368 ab
1626 2303 1699 2372 aliis
1711 2303 1857 2386 distant,
1880 2325 2011 2380 notare.
2055 2310 2112 2377 Ah
2130 2313 2203 2378 im·

514 2431 674 2524 perlecto
703 2423 847 2494 cerebro
870 2414 986 2488 Esocis
1008 2434 1128 2481 omnes
1151 2411 1277 2500 gratim
1301 2427 1338 2479 et
1365 2427 1466 2502 typos
1491 2413 1686 2485 animalium
1716 2417 1992 2489 vertebratomm
2025 2444 2133 2513 usque
2157 2421 2203 2489 ad

513 2542 692 2612 hominem
716 2531 888 2631 persecuti
910 2549 1036 2596 sumus.
1085 2524 1244 2597 Vidimus
1257 2524 1298 2590 in
1317 2523 1423 2592 Esoee
1439 2525 1548 2592 Lucio
1565 2527 1699 2615 ganglia
1720 2529 1823 2599 unius
1842 2553 1959 2602 seusus
1981 2532 2204 2622 precedere,

515 2678 605 2744 quae
629 2653 698 2739 jam
718 2649 757 2716 iu
779 2635 976 2732 Amphihiis
997 2639 1041 2710 ah
1068 2635 1350 2725 haemisphaeriis
1377 2651 1556 2730 superata,
1577 2641 1615 2706 iu
1647 2639 1778 2712 Avibus
1805 2659 1842 2713 et
1862 2645 2104 2714 Mammalihus
2133 2661 2204 2716 tota

517 2779 647 2857 quanta
661 2761 702 2830 iis
717 2755 953 2826 subordinate.
995 2750 1053 2822 sd
1066 2749 1238 2818 hominem
1252 2747 1394 2818 demum
1414 2752 1653 2842 pervenimus,
1680 2757 1905 2840 cuiusomnes
1926 2779 2043 2825 sensus
2060 2779 2202 2826 eorum·

520 2867 742 2965 sparpaglia
759 2867 803 2930 ab
831 2861 1120 2952 Haemisphaeriis
1142 2857 1388 2943 dominantur,
1417 2879 1455 2928 et
1478 2861 1540 2927 uhi
1564 2862 1696 2948 ganglia
1718 2885 1837 2931 sensus
1865 2863 1918 2930 his
1946 2865 2107 2933 sidentur
2134 2866 2204 2933 ad·

520 2988 661 3071 juncta,
684 2992 724 3044 ut
755 2993 873 3040 sensus
900 2971 969 3061 ipsi
988 2972 1113 3042 animo.
1156 2970 1255 3058 Quae
1284 2967 1398 3032 unitas
1418 2992 1597 3060 nunquam
1617 2969 1700 3037 alibi
1723 2969 1938 3039 observanda
1969 2993 2047 3042 cum
2074 2996 2205 3044 summo

517 3089 630 3180 gradu
661 3090 754 3157 inter
774 3079 931 3150 animalia
950 3079 994 3146 ah
1025 3078 1165 3149 homine
1190 3097 1359 3175 occupato
1378 3079 1553 3150 convenit.
1594 3079 1691 3148 laste
1705 3099 1787 3166 ergo
1807 3097 1983 3174 sceptrum
1998 3108 2019 3153 a
2034 3083 2109 3152 Deo
2138 3107 2203 3154 eo·

518 3219 660 3293 ceptum
674 3199 713 3270 in
731 3192 868 3270 animali
882 3213 990 3280 mgna
1011 3188 1120 3260 ducit.

900 3627 982 3715 ,Qus
994 3627 1055 3698 sil
1070 3628 1146 3698 aiei
1166 3626 1345 3698 hominem
1363 3623 1503 3714 nascit,
1524 3624 1703 3698 mauman
1719 3648 1904 3718 nunquam
1922 3638 2022 3698 recte
2037 3627 2185 3698 novaris.
