4992 6138
456 477 500 528 n
808 452 1093 528 CAROLi
1142 451 1418 530 mantnt
1472 451 1779 538 oleras,

460 659 541 708 cum
568 637 646 729 pari
672 657 757 725 sago
789 653 825 706 et
851 659 958 708 nervo
990 637 1172 726 trigemino
1204 636 1405 709 difficillime
1434 655 1506 706 ests
1534 629 1805 724 explorandam
1837 645 2082 728 praetorqusm
2105 638 2150 715 in

460 749 564 818 Gado
584 749 693 833 Lota,
716 747 754 815 in
776 767 846 838 quo
868 748 956 818 vidit
975 749 1276 836 conjunctionem,
1297 769 1401 838 quam
1424 749 1639 833 junctionem
1661 766 1697 821 et
1716 747 1899 820 neeman
1921 743 2149 836 describitin

461 881 565 950 opere
587 881 648 927 tuo
668 859 838 931 Versnclt
862 859 964 926 einer
987 859 1233 947 Darstellnttg
1250 862 1314 927 dee
1334 861 1654 950 Nemessyttettts.

505 970 759 1056 Curierius,
779 972 817 1038 in
838 972 944 1041 Anat.
971 987 1106 1058 comp,
1126 967 1242 1036 adesse
1264 992 1388 1038 nervos
1407 975 1696 1042 communicantes
1717 991 1796 1041 cum
1812 970 1927 1038 nervis
1943 971 2146 1041 interverte-

460 1076 615 1146 bralibus
633 1097 669 1148 et
687 1104 808 1150 nervos
829 1081 971 1148 arterias
989 1078 1231 1168 splancbnicas
1246 1081 1512 1151 concomitantes
1531 1085 1699 1170 affirmat3
1713 1083 1775 1152 sed
1794 1099 1905 1152 tamen
1923 1083 2056 1173 ganglia
2073 1105 2144 1151 non

460 1193 637 1273 agnoscite
660 1191 744 1258 baec
765 1193 878 1259 omnia
897 1191 1078 1284 Weber,
1100 1191 1139 1258 in
1160 1191 1265 1259 Anat.
1278 1189 1420 1285 comp„
1443 1192 1488 1260 de
1508 1216 1617 1262 nervo
1638 1195 1852 1288 sympatbico
1868 1192 1954 1261 dicit
1969 1217 2005 1261 se
2022 1191 2146 1262 vidisse

458 1314 496 1363 et
521 1299 714 1386 specialiter
741 1304 777 1368 in
810 1305 916 1369 Esoce
946 1303 1075 1380 Lucio,
1108 1324 1211 1388 quem
1239 1303 1439 1368 dissecuisse
1469 1304 1624 1370 affirmat.
1668 1303 1855 1393 Quidquid
1880 1326 1997 1373 rerum
2023 1303 2146 1372 harum

460 1408 792 1478 animadversionum
806 1413 871 1494 sit,
895 1433 981 1500 quae
1001 1408 1073 1478 ridi
1090 1408 1229 1496 dicam,
1256 1435 1321 1480 nec
1343 1408 1470 1494 pluras
1494 1434 1602 1498 panca
1620 1411 1735 1482 dicere
1757 1413 1867 1501 malo,
1888 1435 1994 1504 quam
2010 1435 2031 1478 e
2048 1413 2144 1480 reri*

460 1518 672 1586 tmdmu

500 1629 559 1696 sd
587 1646 773 1720 utrumque
801 1629 891 1700 latus
918 1651 1103 1722 corporum
1141 1634 1406 1712 vertebrarum,
1436 1632 1474 1698 in
1512 1633 1656 1706 cavitate
1692 1632 1876 1704 certaturi
1919 1631 2146 1722 apophysiunr

459 1739 571 1820 sacta,
594 1739 690 1806 adest
716 1741 813 1808 iilum
845 1766 1007 1815 narseum
1034 1745 1273 1812 tenuissimum
1298 1742 1392 1832 quod
1422 1744 1461 1812 in
1488 1745 1671 1814 abdomine
1697 1743 1812 1812 adbuc
1835 1741 1936 1810 facile
1967 1767 2146 1834 possumus

458 1852 642 1939 persequia
666 1851 831 1920 inferiora
846 1877 961 1923 versus
991 1857 1031 1920 iit
1051 1854 1187 1922 tenuior
1215 1871 1250 1922 et
1272 1855 1310 1920 in
1336 1849 1406 1918 duo
1432 1876 1505 1923 sese
1529 1860 1744 1942 conjungens
1773 1853 1857 1938 fila,
1879 1855 1924 1920 ad
1943 1879 2046 1921 anum
2065 1835 2146 1922 'tenss

460 1959 599 2034 dentia.
623 1959 770 2031 desinite
794 1964 838 2030 ad
857 1966 984 2052 primas
1008 1969 1206 2048 vertebras,
1229 1985 1339 2054 prope
1369 1980 1473 2054 eaput
1490 1965 1629 2034 difficile
1648 1978 1700 2031 est
1724 1964 1768 2031 ad
1792 1968 2092 2056 persequendum,
2110 1987 2147 2037 et

458 2093 584 2138 nervus
603 2071 835 2160 sympatbicus
856 2075 893 2140 in
915 2073 1056 2143 diversis
1086 2073 1301 2154 individuis,
1322 2094 1394 2140 sese
1418 2079 1596 2162 superiora
1615 2100 1756 2161 versus,
1778 2077 1931 2148 diversus
1957 2075 2042 2140 mihi
2070 2103 2147 2144 ma·

458 2189 651 2272 niiestavit3
691 2186 738 2252 ita
769 2201 808 2250 ut
839 2185 878 2252 in
901 2208 971 2251 uno
1002 2186 1237 2250 confirmatam
1266 2180 1414 2255 viderim
1440 2185 1637 2273 opinionem
1669 2189 1895 2274 Cupierii3
1930 2191 2057 2257 etenim
2083 2217 2146 2283 per

456 2304 608 2368 foramen
625 2301 757 2389 primae
772 2297 950 2366 vertebrae
970 2296 1131 2362 intravit:
1155 2294 1193 2359 in
1208 2293 1316 2364 altero
1335 2299 1559 2383 conjunctum
1579 2299 1696 2368 iuveni
1715 2320 1859 2366 nervum
1876 2301 2146 2388 sympatbieum,
2187 2347 2190 2354 ι

459 2439 536 2480 curn
554 2413 677 2504 quinio
696 2427 731 2477 et
743 2431 825 2494 vago
843 2407 940 2500 pari,
962 2423 997 2474 et
1015 2407 1115 2474 etiam
1132 2405 1266 2492 ganglia
1287 2409 1343 2474 hie
1359 2407 1574 2496 conspexisse
1593 2410 1678 2480 mibi
1693 2412 1780 2482 visus
1798 2434 1892 2493 sum,
1906 2425 2054 2479 attamen
2075 2439 2146 2483 non

457 2525 536 2589 satis
558 2523 735 2590 manifeste
762 2541 832 2586 sese
847 2516 1012 2584 offerebat
1032 2517 1120 2602 boc,
1143 2535 1181 2583 ut
1204 2517 1292 2583 illud
1317 2519 1503 2610 depingere
1531 2541 1686 2606 possema
1711 2521 1814 2588 semel
1843 2537 1977 2588 tentum
2002 2523 2118 2590 inveni
2131 2541 2149 2610 3*

455 2635 493 2698 in
515 2633 657 2723 reliquis
673 2627 886 2709 individuis,
907 2626 994 2693 milri
1012 2649 1083 2694 non
1109 2629 1252 2715 contigit
1271 2646 1311 2694 ut
1328 2655 1474 2698 nervum
1491 2631 1743 2719 sympathieum
1763 2635 1799 2698 in
1824 2633 1936 2722 capite
1954 2655 2145 2726 perseque-

462 2767 530 2810 rer.
576 2741 681 2830 Quod
703 2742 825 2808 attinet
846 2737 889 2804 ad
911 2736 1042 2824 ganglia
1069 2752 1104 2802 ct
1132 2736 1305 2806 filamenta
1323 2763 1394 2809 sese
1418 2744 1455 2808 in
1479 2745 1609 2809 viscera
1628 2740 1889 2820 distribuentia,
1912 2761 2025 2828 neque
2048 2745 2145 2810 oculo

458 2869 589 2918 armato
606 2853 790 2941 conspexi3
814 2848 937 2914 lubens
955 2849 1039 2913 baec
1056 2844 1168 2916 cultro
1185 2850 1297 2914 minus
1315 2851 1505 2917 exercitato
1528 2850 1692 2918 attribuo.

501 2961 560 3030 Sic
582 2978 723 3050 peracta
751 2957 985 3046 descriptione
1011 2956 1229 3043 neurologica
1260 2959 1377 3027 Esoeis
1402 2959 1524 3044 Lucii,
1557 2959 1601 3026 ad
1636 2961 1924 3047 comparationem
1947 2959 2143 3031 festinamus

458 3096 539 3139 eum
564 3070 707 3160 reliquis
729 3068 960 3164 superioribus
986 3070 1205 3138 vertebratis·
1246 3069 1295 3135 Et
1323 3089 1394 3136 non
1424 3069 1567 3161 quidem
1599 3092 1686 3158 opus
1712 3089 1783 3149 est,
1806 3088 1846 3138 ut
1873 3073 1987 3138 statim
2008 3074 2143 3140 confir-

449 3201 595 3251 matum
630 3182 805 3249 rideamus
839 3179 1009 3268 gradum,
1046 3203 1149 3271 quem
1172 3179 1263 3246 Eeox
1295 3179 1422 3246 Lucius
1445 3181 1483 3244 in
1513 3177 1709 3247 animalium
1735 3196 1808 3248 rete
1847 3194 2014 3270 occupat,
2045 3203 2080 3250 et
2106 3203 2146 3252 ut

457 3292 592 3381 aliquid
619 3292 735 3359 dicere
764 3293 931 3381 possimus
966 3289 1011 3360 de
1038 3291 1126 3361 vitae
1159 3292 1375 3373 oeconomia,
1408 3285 1658 3358 sensatioribus
1680 3308 1748 3358 etc.
1805 3292 1895 3359 Cum
1921 3294 2013 3362 enim
2044 3317 2144 3364 cere-

458 3407 561 3470 brum
591 3423 734 3490 parvum
765 3401 831 3483 sit,
852 3401 984 3468 ratione
1013 3399 1182 3468 medullae
1205 3399 1378 3490 spinalis,
1410 3401 1566 3488 corporis
1598 3417 1634 3468 et
1663 3423 1848 3470 nervorum
1876 3403 2144 3488 nonnullorum,

457 3530 591 3580 certum
612 3527 664 3578 est
681 3507 838 3577 animalia
857 3531 930 3576 esse
951 3509 1110 3600 stupida,
1132 3510 1331 3597 ingenium,
1350 3511 1554 3576 instinctum
1572 3525 1608 3576 et
1629 3526 1718 3578 artes
1737 3512 1810 3581 fere
1830 3511 1925 3579 nulla
1939 3537 2036 3584 essee
2061 3541 2141 3584 cunr

457 3621 608 3690 medulla
633 3619 775 3709 spinulis
799 3638 932 3688 tuntum
955 3619 1174 3710 praevaleat,
1219 3621 1314 3711 quod
1347 3622 1391 3690 ad
1419 3643 1586 3703 massam,
1608 3639 1718 3690 motus
1743 3623 1780 3689 in
1809 3625 1876 3690 boc
1903 3622 2047 3690 animale
2076 3627 2144 3693 erit

455 3735 622 3807 evolutus.
674 3735 779 3805 Nervi
814 3729 1048 3825 praevalentes
1083 3747 1165 3799 sunt
1197 3731 1363 3816 oliactus,
1396 3736 1518 3818 visus,
1550 3733 1664 3822 quinti
1697 3732 1789 3821 parit
1821 3748 1856 3794 et
1893 3732 2003 3798 octavi
2029 3734 2143 3821 pasis,

457 3869 574 3914 ornnes
592 3843 636 3913 ad
655 3869 779 3934 organa
809 3847 1024 3938 pertinentes
1057 3868 1146 3936 quae
1171 3843 1363 3912 inserviunt
1394 3844 1438 3910 ad
1469 3842 1572 3911 vitam
1605 3835 1779 3907 individui
1809 3837 2055 3912 sustinendam.
2098 3843 2146 3912 Ut

456 3953 622 4044 praedam
645 3977 765 4050 cupere
786 3958 941 4048 possint,
965 3955 1099 4021 babent
1115 3975 1237 4020 nervos
1259 3954 1391 4040 opticot
1411 3972 1570 4038 mugnus,
1593 3949 1655 4042 qui
1691 3949 1796 4016 etiam
1824 3948 2002 4014 minimam
2024 3973 2143 4017 sensa·

457 4066 588 4130 tionem
605 4061 692 4130 lucis
719 4065 940 4152 percipiunt3
965 4066 1070 4132 vitem
1087 4063 1180 4128 enim
1197 4060 1328 4146 degunt
1356 4064 1393 4129 in
1417 4064 1564 4129 obscuro
1581 4056 1692 4128 fundo
1714 4083 1900 4150 aquarume
1925 4064 2027 4128 etiam
2048 4066 2144 4130 nerui

456 4175 602 4240 olfactus
623 4175 704 4240 buic
725 4196 831 4260 scopo
849 4172 1049 4248 inserviunt.
1095 4173 1143 4240 Ut
1162 4195 1274 4240 escam
1295 4173 1454 4262 capiant,
1476 4176 1585 4246 nihilo
1611 4185 1752 4264 possent
1771 4173 1821 4236 nti
1843 4171 1910 4237 nisi
1928 4193 1996 4262 ope
2018 4175 2141 4238 maxil-

455 4285 588 4368 larum;
614 4286 774 4376 quintum
800 4307 864 4370 par
891 4284 998 4349 motui
1019 4285 1171 4370 ipsarum
1198 4281 1392 4370 praesidet,
1415 4302 1452 4353 et
1478 4287 1606 4376 praedi
1630 4283 1794 4373 deglutiti
1825 4283 1868 4350 ad
1897 4283 2142 4368 digestionem,

454 4399 627 4484 sanguinis
654 4410 783 4462 motum
810 4407 846 4459 at
876 4391 1088 4468 mutationes¹
1106 4415 1170 4480 par
1194 4415 1338 4481 vagum,
1373 4399 1518 4464 maxime
1554 4395 1758 4473 evolutum,
1787 4395 1939 4484 inservit.
1994 4393 2142 4462 Auditus

453 4513 617 4600 exiguus,
638 4504 777 4575 minime
796 4501 971 4580 evolutus,
995 4501 1110 4570 nullus
1130 4521 1270 4590 gustus,
1294 4505 1408 4575 nullus
1429 4507 1502 4578 sere
1528 4525 1656 4589 tactura
1693 4529 1772 4574 eum
1798 4505 1899 4572 etiam
1923 4506 2019 4572 nervi
2048 4505 2140 4569 bisce

451 4624 587 4710 orgsnis
609 4617 699 4701 dati,
720 4619 757 4682 in
778 4617 883 4683 Esoce
902 4614 973 4682 sint
994 4612 1048 4684 vel
1071 4616 1279 4701 tenuissimi,
1302 4616 1356 4686 vel
1379 4639 1519 4708 prorsus
1541 4615 1800 4686 desiderantum
1828 4613 1891 4681 sed
1918 4635 1990 4684 non
2014 4614 2141 4681 diutius

450 4735 647 4802 aberremus
668 4724 764 4794 etad
783 4727 892 4816 ipsam
916 4741 1126 4793 nauseamus
1144 4729 1445 4818 comparationem.
1562 4793 1566 4802 ,

2024 4829 2138 4901 PARS
