4992 6138
473 469 515 539 5.
837 455 1117 568 clauom
1171 455 1446 532 muniri
1499 459 1806 546 curer,
1892 451 1901 482 ¹

476 669 553 714 eum
587 637 790 732 corporibus
824 639 979 724 atriatie3
1013 637 1187 708 FranIe
1230 656 1364 708 tanturn
1398 657 1533 732 partem
1564 621 1839 736 pedunculcr'u'dr
1877 643 2009 726 cerebri
2040 665 2165 733 vocat,

478 777 687 850 quamquam
705 753 800 822 ttait
824 755 860 820 iu
880 751 1018 818 homine
1037 773 1161 818 numen
1183 748 1242 816 dat
1257 753 1379 818 cristae
1402 749 1489 832 (der
1510 751 1651 837 Hanbe,
1678 756 1722 824 do
1737 739 1846 828 liniIl.
1890 758 1989 824 Hisce
2007 761 2166 826 omnibus

478 865 677 949 annotatis,
698 869 830 936 Carus
852 866 1000 955 probat,
1021 863 1082 930 bas
1106 877 1222 951 partes
1241 881 1360 928 revere
1390 883 1456 951 pro
1483 863 1624 951 ganglib
1654 845 2005 958 haemisphaeriornm
2028 869 2165 939 baben·

480 988 540 1054 dae
562 1008 656 1069 esreg
681 993 877 1066 argumenta
901 975 1020 1043 sumsit
1045 996 1087 1041 ex
1107 973 1218 1040 avium
1234 973 1438 1064 embryone,
1464 974 1560 1062 quod
1586 975 1749 1064 exprimit
1775 978 2043 1068 Ampbibiornm
2066 1005 2167 1050 cere·

478 1102 581 1167 hrum
597 1125 608 1164 r
632 1098 669 1163 in
687 1116 728 1160 eo
745 1111 868 1176 nempe
892 1086 975 1150 situs
999 1102 1035 1153 et
1051 1087 1160 1154 forma
1183 1082 1284 1150 docet
1303 1085 1437 1150 eaedem
1455 1107 1527 1150 esse
1546 1099 1661 1172 partet
1685 1089 1762 1178 (t).
1788 1109 1790 1118 ¹
1807 1089 1929 1157 Forma
1953 1112 2021 1158 uon
2048 1095 2168 1162 eadem

479 1227 531 1276 est
552 1212 588 1274 in
611 1205 768 1274 omnibus
786 1183 991 1300 ordinibuar
1014 1199 1051 1266 in
1084 1197 1279 1286 Rapacibus
1305 1209 1340 1262 et
1360 1195 1565 1264 Gallinaoeis
1584 1221 1606 1264 e
1627 1197 1761 1266 duabus
1782 1202 1993 1289 congregatis
2013 1203 2168 1292 partibus

481 1333 637 1399 constat,
659 1316 771 1380 totise
791 1309 980 1376 substantio
1001 1310 1169 1395 gangliosa
1189 1305 1362 1386 lormatis,
1386 1331 1531 1395 quarum
1551 1306 1752 1397 superliciee
1777 1309 1936 1396 superior
1965 1314 2080 1378 striata
2101 1317 2113 1398 (
2125 1317 2168 1400 a)

480 1447 557 1508 ectr
581 1425 754 1492 filamenta
771 1415 939 1482 medullae
961 1417 1160 1502 oblongatae
1182 1430 1360 1480 transeunt
1376 1415 1575 1480 interiorem
1597 1428 1741 1506 partem.
1786 1423 1898 1486 striae
1923 1419 2050 1488 udsunt
2078 1449 2168 1513 qua.

481 1557 579 1618 tuor,
603 1555 749 1627 quarum
766 1530 951 1596 exteriores
969 1541 1051 1594 aunt
1071 1525 1203 1592 radices
1225 1523 1400 1592 columnae
1431 1523 1632 1596 laminarum
1659 1529 1853 1596 striatarum
1872 1531 1948 1616 (5)
1966 1533 2001 1595 in
2030 1532 2171 1598 interna

481 1647 666 1740 superficie
683 1641 1044 1731 haemisphaeriurum.
1461 1645 1467 1656 ·

523 1767 605 1831 Pars
638 1755 800 1826 secunda.
844 1748 969 1819 Lobuli
998 1750 1067 1838 ipsi
1097 1750 1204 1838 optiei
1237 1746 1471 1838 (Sebhdgel).
1523 1747 1741 1816 Conveniunt
1777 1775 1854 1818 cum
1888 1751 2013 1820 lobulie
2048 1759 2171 1842 opilata

480 1869 778 1961 Ampbibiorumr
805 1864 989 1930 sitantum
1014 1859 1052 1926 in
1083 1861 1124 1925 iis
1155 1859 1357 1926 animalibus
1384 1871 1478 1922 e'osa
1506 1879 1577 1924 sese
1604 1860 1769 1929 distantes
1797 1865 2002 1947 cogitemus,
2024 1881 2059 1933 at
2090 1888 2171 1931 eon-

479 1991 616 2072 junctos
635 1976 790 2056 lamelld,
813 1990 940 2041 tectum
957 1969 1149 2050 alliciente,
1173 1969 1311 2060 quaein
1342 1969 1539 2078 rimpbibiie
1565 1970 1710 2037 inferint
1737 1991 1810 2036 sese
1839 1973 2007 2055 inflectit,
2030 1991 2068 2040 ut
2086 1997 2170 2066 rep.

481 2113 557 2162 tum
576 2093 717 2160 oriatur.
760 2086 789 2152 E
815 2084 926 2150 tribus
961 2098 1093 2149 constat
1125 2080 1282 2163 laminis3
1305 2078 1441 2146 lamina
1465 2080 1615 2145 exterior
1640 2102 1659 2144 e
1680 2079 1872 2147 substantia
1896 2082 1972 2149 alba
2001 2083 2172 2153 medullae

481 2204 708 2288 oblongatae,
729 2191 839 2261 media
858 2189 1027 2277 gangliosa
1054 2207 1089 2256 et
1114 2191 1260 2256 interior
1286 2186 1373 2254 alba.
1418 2189 1615 2256 Ventriculi
1646 2208 1728 2257 aunt
1759 2191 1890 2277 glabri,
1923 2193 1995 2258 sine
2026 2194 2172 2261 interula

481 2309 751 2408 protuberantiis
763 2336 775 2394 3
802 2329 888 2395 qnae
902 2325 967 2368 nec
987 2299 1024 2366 in
1052 2297 1249 2388 limphibiis
1268 2298 1504 2384 reperiuntur.
1554 2355 1557 2364 ,

525 2427 589 2493 Ilio
610 2421 704 2490 locus
727 2435 778 2484 est
798 2411 967 2508 loquendi
990 2410 1034 2476 de
1055 2407 1215 2496 glandula
1236 2407 1387 2498 pineali,
1411 2434 1514 2500 quam
1540 2410 1779 2501 Halierus(
1788 2415 1836 2500 4)
1862 2415 1991 2484 Avibus
2016 2416 2174 2502 denegat.

481 2535 751 2604 Tiedemauu
783 2529 820 2593 in
853 2522 1010 2606 Zoologid
1038 2521 1099 2584 sud
1132 2518 1302 2586 describit
1330 2537 1482 2611 partem.
1504 2522 1688 2594 bubentem
1715 2526 1860 2596 sormam
1890 2532 1985 2610 coni,
2010 2553 2088 2598 cum
2109 2555 2174 2598 ex·
2276 2531 2278 2538 ’

483 2649 655 2714 tremitate
683 2660 795 2707 crassa
822 2635 927 2700 durae
957 2631 1063 2698 Matri
1094 2629 1323 2716 insidentem,
1354 2649 1389 2701 et
1416 2656 1494 2702 cnm
1528 2638 1620 2702 tenui
1647 2641 1884 2718 extremitate,
1906 2645 1943 2707 in
1964 2643 2059 2710 sulco
2084 2646 2176 2708 inter

480 2750 831 2846 haemisphaeriorum
853 2744 985 2833 ganglia
1005 2744 1166 2836 positam·
1208 2744 1346 2811 Carus
1364 2744 1607 2813 animadvertit
1630 2746 1668 2812 in
1690 2748 1916 2831 Gallinaria,
1944 2754 2115 2818 Anatibua
2139 2766 2175 2816 at

482 2865 689 2947 Columbia,
710 2875 745 2926 et
761 2857 946 2946 praecipue
967 2853 1005 2920 in
1030 2851 1229 2922 animalibus
1251 2854 1462 2942 junioribna,
1491 2855 1608 2922 ederae
1636 2853 1752 2945 plures
1790 2859 1967 2946 glandulas
1994 2859 2174 2948 plurales,

484 3002 571 3070 qnae
587 2975 750 3046 ridentur
771 2970 809 3037 in
824 2966 991 3036 aetatibus
1014 2966 1287 3056 provectioribna
1306 2987 1541 3034 concrescere.

528 3085 751 3181 Hypopbpsis
777 3082 913 3151 cerebri
936 3079 1031 3148 nulla
1047 3076 1148 3148 offert
1167 3077 1379 3169 peculiariar
1413 3081 1441 3146 si
1470 3079 1662 3169 excipiatur
1682 3101 1824 3175 parram
1845 3109 1938 3171 esse,
1961 3085 2094 3156 ratione
2115 3083 2178 3150 ba·

484 3205 557 3273 bitu
577 3199 788 3292 gangliorum
812 3194 959 3262 cerebri.
1002 3194 1044 3262 In
1065 3194 1208 3262 caritate
1228 3192 1373 3283 propria
1390 3190 1499 3260 cranii
1521 3195 1632 3282 posita
1650 3214 1722 3281 est,
1742 3213 1782 3264 ut
1801 3198 1839 3264 in
1857 3199 1964 3268 Ercce
1984 3197 2101 3265 Lucio.

524 3317 637 3382 blaesa
656 3313 768 3377 tertia.
804 3309 984 3398 ⁴Quartum
999 3304 1231 3375 ventriculum
1250 3303 1382 3372 claudit
1402 3319 1441 3371 ut
1471 3305 1509 3372 in
1536 3309 1847 3382 antecedentibuaa
1870 3334 1978 3379 maara
2008 3311 2067 3377 bic
2099 3312 2176 3397 jure

487 3423 694 3495 cerebellum
708 3436 850 3503 vocata,
869 3419 1002 3484 ratione
1025 3416 1504 3505 babitahaemispbaeriorum
1517 3421 1587 3488 sire
1604 3443 1729 3491 mareau
1747 3424 1905 3516 primae.'
1935 3423 2068 3493 Cavitae
2082 3422 2180 3489 adeat

485 3543 524 3608 in
546 3533 707 3614 anteriori
725 3546 824 3624 parte
843 3526 1025 3610 cerebelli,
1050 3551 1137 3620 quee
1156 3551 1235 3595 cnm
1251 3547 1374 3621 quarto
1396 3531 1608 3610 ventriculo,
1632 3551 1671 3600 ut
1687 3533 1723 3601 in
1743 3535 1959 3630 amphibiis,
1983 3535 2177 3604 communi.

488 3667 566 3738 cat3
591 3649 659 3718 boc
673 3660 840 3739 apparet,
857 3646 886 3713 si
912 3640 1424 3729 transversaliterperscinditur
1440 3665 1572 3726 massa,
1590 3666 1656 3712 nec
1674 3667 1745 3710 nun
1768 3644 1899 3726 species
1918 3644 2050 3712 arboria
2062 3647 2177 3718 vitre,

489 3788 576 3854 quae
595 3761 753 3830 oboritur
769 3757 885 3828 multis
907 3757 1006 3848 plicis
1028 3753 1209 3822 inlumina
1234 3753 1389 3842 duplici.
1414 3770 1592 3821 constante
1613 3775 1634 3821 e
1657 3755 1794 3822 cinerei
1815 3769 1850 3820 et
1867 3752 1945 3820 attat
1970 3753 2177 3820 eubstantil.

488 3879 658 3946 Numerus
681 3873 748 3964 (δ)
770 3871 891 3943 barum
910 3871 1082 3964 plicarum
1103 3868 1253 3936 differta
1268 3865 1410 3934 minimo
1436 3863 1521 3932 XIII
1545 3861 1590 3932 ad
1617 3864 1801 3934 maximum
1827 3863 1939 3933 xvn.
1986 3865 2179 3955 Appendi-

2124 3995 2181 4044 ce!

946 4095 969 4140 Χ

524 4184 583 4260 (ι)
606 4182 740 4252 Carne,
756 4175 887 4240 Verencb
906 4187 956 4237 eto.
967 4165 1043 4258 pag.
1059 4197 1118 4258 agg

523 4278 581 4354 (a)
606 4276 728 4352 Propter
751 4275 894 4335 ceastriae
917 4273 1137 4331 'l'iedernann
1160 4269 1231 4330 beee
1250 4287 1370 4350 corpora
1393 4279 1474 4330 rocat
1498 4273 1756 4346 corporaretur.

526 4373 582 4447 (3)
605 4369 691 4426 Iatua
721 4363 866 4423 internum
896 4365 1187 4444 baembpbeeriorum
1213 4363 1381 4442 exprimitur
1405 4365 1529 4436 lamine,
1565 4368 1612 4427 eui
1642 4381 1748 4424 nomen
1772 4366 1846 4442 septi
1878 4363 1986 4424 mdiats'
2015 4352 2183 4433 (mittigat

493 4463 710 4544 Sobetdevsend)
728 4485 744 4524 a
761 4465 850 4525 Caro
866 4465 965 4524 datum
984 4471 1046 4536 eet;
1063 4461 1136 4521 clare
1159 4459 1216 4520 boc
1238 4471 1352 4538 septum
1371 4461 1402 4518 iu
1418 4457 1592 4540 Meleagride
1612 4459 1810 4539 Galloparone
1843 4457 2025 4536 (Tmtlrelm)
2044 4448 2182 4530 conspici·
2213 4509 2218 4516 ,

492 4574 551 4624 tur.
585 4563 720 4631 Carne,
738 4562 868 4624 Vereucb
884 4573 944 4622 ete.
966 4581 997 4638 p.
1012 4577 1071 4634 ¹9⁷·

526 4662 582 4740 (Il
605 4657 771 4731 IIrlleri,
787 4658 881 4736 Opere
898 4655 1310 4733 minora,toru.t.pag.19s.
1684 4729 1688 4740 Ι

531 4758 583 4836 (ὅ)
603 4755 640 4818 In
658 4751 839 4834 compendio
861 4749 1022 4811 zootomtau
1046 4749 1157 4810 Garua
1174 4748 1242 4808 dIo't
1261 4767 1280 4807 a
1299 4739 1416 4804 minino
1438 4737 1509 4809 XVI
1529 4742 1567 4804 ad
1587 4744 1745 4806 mammem
1764 4741 1862 4807 XXX.
1941 4759 1945 4767 ·
