4992 6138
811 459 1092 532 ctnott
1145 461 1429 536 tttttlttt
1480 459 1788 546 ottrtr,

494 771 552 839 Sic
570 770 612 836 ad
631 769 736 839 linem
755 774 971 860 pervenimus
989 777 1085 866 scopi
1102 801 1204 867 quern
1227 780 1328 846 uobis
1349 777 1590 870 proposuimus
1609 791 1645 843 et
1657 798 1759 868 quem
1772 771 1965 842 ahsolutum
1981 767 2146 842 sensimus

451 883 667 972 moriribus
694 900 730 949 et
750 901 923 972 tempore,
955 904 1092 980 peracta
1112 889 1303 959 evolutione
1324 889 1454 958 loetusa
1491 888 1642 957 adhunc
1668 887 1820 955 ultimsm
1844 908 1926 974 ergo
1949 885 2147 954 festinemus

452 1011 606 1084 partem,
631 997 667 1060 iu
696 1021 763 1084 qua
779 999 968 1066 videbimus
991 1023 1106 1067 omues
1124 1025 1329 1090 percurrere
1346 1001 1506 1094 periodos
1531 1001 1802 1068 vertebratorum
1824 998 1973 1080 foetum,
2001 1014 2037 1064 et
2056 1003 2147 1065 oou‘-

455 1108 624 1173 firmatum
646 1109 791 1194 primam
813 1135 854 1178 ex
874 1137 939 1203 qus
964 1113 1141 1179 exordium
1171 1117 1349 1182 sumsimus
1371 1117 1596 1197 senteutiam,
1619 1138 1686 1207 qua
1704 1113 1805 1178 etiarn
1824 1113 1865 1202 in
1884 1112 1987 1178 totius
2002 1134 2143 1204 compa·

457 1220 599 1287 rationis
615 1243 715 1285 cursu
729 1237 901 1312 tamquam
923 1248 1040 1290 norma
1060 1222 1112 1290 usi
1131 1247 1263 1307 sumus,
1281 1249 1406 1316 nempe
1426 1229 1605 1296 cerebrum
1622 1223 1770 1289 Piscium
1785 1219 2053 1311 comperandum
2077 1241 2149 1288 esse

462 1355 540 1398 oum
573 1336 718 1426 cerebro
744 1335 853 1402 foetus
880 1335 1126 1404 Mammalium.

502 1443 654 1507 Primum
681 1441 795 1508 oculos
817 1462 984 1512 vertamus
1007 1445 1050 1514 ad
1086 1467 1207 1518 nervos
1239 1451 1457 1528 olfactorios,
1492 1465 1679 1534 eorumque
1710 1445 1842 1530 ganglia
1877 1444 2147 1536 haemisphaeria

457 1552 696 1645 exprimentia.
740 1555 780 1620 Iu
800 1555 864 1622 hac
894 1561 986 1626 enim
1013 1577 1112 1652 parte
1138 1563 1282 1626 maxime
1301 1587 1320 1625 a
1340 1583 1374 1626 se
1404 1559 1551 1627 invicem
1573 1555 1705 1622 distent
1736 1557 1916 1624 cerebrum
1950 1555 2094 1646 piscium
2112 1568 2148 1619 et

459 1667 639 1746 cerebrum
657 1663 821 1734 hominis.
862 1669 903 1735 Iu
928 1669 1025 1738 libris
1045 1673 1090 1741 de
1109 1673 1172 1740 illo
1193 1687 1399 1758 argumento·
1418 1671 1557 1758 scriptis
1593 1669 1783 1738 invenimus
1805 1692 1926 1737 nervos
1954 1665 2148 1734 olfactorios

460 1779 498 1842 in
525 1775 617 1842 foetu
638 1778 734 1866 qussi
764 1777 1016 1865 ohlongationes
1039 1785 1105 1874 (t)
1136 1807 1207 1850 esse
1233 1782 1580 1870 haemisphaeriorum
1606 1793 1641 1848 ct
1669 1780 1876 1864 ventriculi,
1905 1801 1976 1845 sese
1999 1779 2035 1844 in
2052 1777 2146 1865 ipsos

455 1909 580 1956 nervos
603 1889 801 1959 extendere.
843 1885 1121 1980 Haemisphaeria
1137 1895 1279 1986 quidem
1299 1909 1518 1983 magnasunt
1540 1908 1705 1982 respectu
1728 1888 1868 1957 aliarum
1890 1892 2059 1984 partium,
2082 1888 2145 1956 sed

458 1999 560 2066 etiem
578 2005 675 2070 nervi
693 2004 860 2073 olfactorii
875 2006 911 2072 in
925 2005 1059 2074 infante
1079 2007 1164 2077 udeo
1182 2006 1306 2077 evoluti
1320 2026 1424 2094 aunt,
1443 2027 1482 2074 ut
1497 2007 1630 2096 opticos
1647 2017 1824 2100 superent.
1868 2001 1972 2090 Quod
1990 2000 2033 2067 ad
2062 1987 2149 2067 sull-

461 2115 644 2180 stantiam:
675 2115 812 2181 ernhra
839 2119 946 2202 grisea
965 2118 1118 2186 corticali
1144 2136 1321 2198 constent,
1338 2119 1386 2185 ita
1400 2136 1440 2184 ut
1455 2143 1532 2186 curn
1546 2113 1822 2204 hsemispheeriis
1840 2113 1875 2179 in
1892 2129 2001 2181 totum
2018 2137 2150 2182 conve·

461 2223 572 2286 uiant.
626 2223 837 2312 Coniunctio
868 2248 1054 2294 nervorum
1084 2251 1161 2296 cum
1194 2229 1475 2319 haemisphaeriis
1507 2244 1696 2296 memorstu
1727 2229 1829 2314 digus
1859 2239 1935 2310 este
1966 2228 2004 2292 iu
2035 2245 2151 2292 mense

461 2335 556 2401 euim
574 2337 674 2402 tertio
689 2336 742 2406 vel
764 2355 889 2427 quarto
907 2341 1005 2407 nervi
1021 2336 1190 2413 olfactorii
1205 2365 1315 2433 prope
1334 2341 1621 2432 lossamSylvii
1642 2355 1869 2410 evanescunt:
1892 2339 1954 2406 sed
1969 2339 2053 2407 hsec
2074 2336 2151 2404 dis·

459 2448 584 2538 positio
600 2451 669 2535 jam
685 2450 722 2515 in
742 2465 891 2518 neonato
908 2467 1038 2518 mutata
1058 2470 1131 2538 est3
1155 2469 1227 2524 tu'm
1242 2470 1385 2523 truncus
1406 2477 1590 2524 nervorum
1610 2455 1962 2524 distincteinvenitnr
1980 2451 2076 2520 etad
2102 2451 2152 2518 fi·

463 2584 545 2628 uem
572 2577 692 2630 eorum
712 2562 870 2649 gungliou
906 2565 1040 2632 tenuius
1060 2565 1127 2636 fite
1159 2567 1283 2636 canalis
1308 2565 1487 2656 disparet,
1519 2564 1620 2657 plicis
1655 2567 1845 2636 formandis
1874 2583 1912 2634 nt
1941 2567 1977 2631 in
2003 2561 2154 2632 medulls

459 2674 606 2764 spinuli,
629 2691 663 2742 et
683 2676 783 2743 etiem
803 2673 935 2764 aliquid
953 2679 1161 2748 substantiae
1184 2685 1313 2765 griseae
1336 2696 1493 2772 superest
1509 2681 1700 2748 secuudum
1724 2680 2150 2762 Soemmerringium·

458 2785 552 2852 llaec
569 2787 692 2854 iterum
713 2802 752 2852 ut
773 2777 995 2870 moneamus,
1022 2789 1120 2856 firma
1142 2789 1215 2858 dici
1240 2810 1385 2880 possunt
1415 2808 1638 2876 argumenta,
1671 2793 1796 2880 quibus
1825 2792 1992 2881 probetur
2017 2788 2152 2854 haemi·

461 2898 620 2989 sphaeris
639 2905 706 2964 cito
729 2899 766 2964 in
783 2897 921 2964 homine
939 2920 1010 2965 uon
1031 2899 1173 2991 amplius
1194 2926 1214 2967 s
1233 2903 1346 2968 nervis
1364 2899 1549 2968 olfactoriis
1565 2903 1777 2993 dependere.

506 3007 651 3096 Ganglie
679 3033 865 3078 nervorum
894 3013 1097 3102 opticorum.
1153 3011 1211 3081 Sic
1240 3013 1337 3079 utin
1369 3014 1592 3081 inferioribus
1628 3015 1774 3085 vidimus
1813 3019 1927 3104 typis,
1965 3011 2154 3080 secundem

462 3146 604 3189 messam
616 3123 762 3216 exprimi
776 3124 869 3191 hisce
890 3121 1052 3210 gangliis3
1076 3139 1111 3189 et
1127 3121 1260 3212 genglis
1273 3121 1623 3214 haemisphaeriorum
1643 3147 1720 3192 eum
1740 3127 1818 3218 pari
1843 3124 1996 3193 secundo
2024 3147 2154 3211 corpo·

462 3259 540 3302 rum
559 3236 896 3327 quadrigemiuorum
920 3237 957 3301 in
980 3235 1244 3325 perfectioribus
1274 3234 1475 3305 animalibus
1500 3235 1627 3306 deinde
1655 3235 1769 3320 nesci,
1791 3238 1841 3304 sie
1871 3237 1908 3304 in
1930 3237 2025 3305 foetu
2054 3257 2157 3306 eum·

465 3348 544 3412 dem
570 3372 706 3415 cursum
727 3361 821 3415 tenet
836 3345 984 3415 evolutio
1006 3348 1155 3416 cerebri.
1197 3351 1240 3416 Iu
1265 3349 1361 3417 foetu
1383 3352 1488 3417 trium
1521 3349 1689 3419 mensium
1722 3373 1867 3441 corpors
1900 3347 2156 3442 quadrigemina

464 3485 535 3526 uon
564 3476 725 3546 teguntur
746 3457 1053 3544 hemisphaeriis,
1076 3475 1235 3528 constant
1260 3459 1436 3549 eglchnlo
1455 3461 1603 3552 quodam
1618 3463 1805 3543 uniformis
1827 3463 1921 3530 intus
1943 3481 1994 3531 est
2018 3466 2154 3532 ventri·

466 3568 577 3646 culus,
607 3568 762 3660 quinatis
781 3569 942 3634 convenit
961 3593 1040 3636 cum
1059 3572 1228 3653 cavitate,
1251 3595 1338 3664 quac
1364 3572 1402 3639 in
1431 3571 1556 3644 lobulis
1586 3573 1711 3662 opticis
1743 3571 1988 3641 nonnullorum
2008 3575 2153 3662 piscium

468 3679 563 3745 adest
583 3696 617 3746 et
640 3703 743 3770 quarn
773 3687 808 3746 in
835 3678 942 3744 Esoee
965 3681 1070 3746 Lucio
1102 3681 1304 3750 invenimus.
1347 3683 1538 3770 Marginem
1563 3687 1786 3771 posteriorem
1803 3685 2019 3750 observamus
2042 3703 2155 3754 ortum

467 3788 596 3856 ducere
619 3815 637 3855 s
656 3788 747 3881 plica
764 3812 899 3856 sursum
912 3787 1144 3856 adscendente
1167 3817 1253 3883 quse
1274 3795 1439 3863 inferiore
1452 3819 1568 3864 versus
1585 3799 1708 3865 transit
1726 3785 1769 3863 nd
1791 3810 1932 3884 pontem
1951 3791 2151 3864 Vuroliie

468 3916 503 3965 et
522 3899 588 3966 hse
606 3900 642 3964 in
662 3923 699 3967 re
726 3903 964 3972 convenientis
987 3900 1159 3991 quaedam
1186 3906 1399 3991 conspicitur
1418 3929 1496 3975 cnm
1519 3905 1762 3994 coniunctione
1784 3905 1876 3971 inter
1897 3903 2104 3972 cerebellum
2123 3922 2159 3974 et

470 4027 616 4098 quatuor
637 4033 782 4106 corpore
799 4013 1001 4092 lobnloruml
1020 4007 1227 4102 opticoruin.
1267 4013 1373 4102 Quod
1390 4015 1433 4083 sd
1449 4017 1608 4085 volumen
1624 4013 1693 4083 sive
1709 4038 1874 4100 messem,
1895 4014 1969 4082 fere
1986 4017 2157 4110 adaequat

471 4121 601 4207 ganglia
615 4123 983 4216 hemisphaeriorum,
1004 4143 1040 4194 et
1057 4127 1167 4196 Csro
1188 4123 1344 4229 videtur,
1364 4127 1402 4196 in
1423 4129 1536 4198 minus
1559 4129 1695 4199 evoluto
1710 4128 1803 4195 foetu
1823 4127 1979 4198 eamdem
2003 4152 2073 4200 esse
2093 4157 2153 4200 ra·

475 4235 602 4299 tionem
628 4233 721 4302 inter
746 4259 891 4331 corpora
915 4235 1174 4330 quadrigemina
1188 4257 1224 4308 et
1244 4238 1534 4337 haemisphaeria,
1560 4266 1662 4330 quam
1676 4243 1713 4308 in
1733 4242 1941 4331 Amphitrite.

516 4344 735 4438 Hypophysis
762 4348 896 4416 cerebri
911 4349 1014 4417 etiam
1033 4351 1154 4439 snsjori
1172 4352 1299 4440 gaudet
1316 4353 1509 4440 volumine,
1530 4355 1569 4421 in
1590 4354 1683 4424 foetu
1707 4379 1810 4447 quarn
1835 4355 1872 4421 in
1887 4355 2036 4424 homine.
2079 4355 2156 4424 Ru-

2111 4469 2161 4540 tio

510 4639 542 4711 (s
556 4642 567 4714 )
583 4635 649 4694 lion
667 4655 765 4696 ornnes
780 4645 909 4700 suctores
929 4637 960 4698 ἰι
978 4655 1014 4699 ω
1029 4641 1227 4714 mearant,
1249 4659 1354 4707 nerto!
1370 4646 1479 4728 opticus
1496 4635 1873 4728 sb³hsembpbserl¹rsorlrl
1894 4645 1925 4706 ln
1945 4647 2047 4725 foetus
2069 4648 2156 4712 Gsll

475 4733 623 4796 ducit'eos
643 4735 843 4814 arorporibus
862 4735 1082 4814 quadrigemisis
1101 4749 1132 4799 et
1152 4741 1369 4821 Curiosius,
1390 4757 1424 4807 nt
1441 4746 1663 4824 chaussier,
1686 4766 1706 4807 s
1726 4743 1892 4827 corporibus
1914 4746 2018 4808 stt-istis
2036 4746 2121 4808 ducit
