4992 6138
438 499 482 568 to
698 573 704 584 ,
803 479 1783 578 cason-1mantuanis-rur.
1856 519 1874 570 r,

437 673 583 769 pinealis
606 675 739 744 demum
763 670 937 762 (Zirhel)
958 669 1100 757 gangliis
1123 661 1708 756 haemisphaeriorum,incumbens
1732 678 1767 732 et
1789 661 2002 755 hypophysis
2027 689 2129 738 aare.

439 789 521 866 bri,
544 811 618 856 cnm
639 787 780 872 gangliis
802 785 923 850 suisin
946 784 1010 850 hac
1042 802 1149 848 massa
1177 777 1291 844 locum
1316 776 1458 844 babent.
1502 777 1613 842 Massa
1643 773 1790 864 simplex
1823 776 1978 860 cinerea,
2001 779 2127 863 iusupq
2188 829 2194 834 .

441 899 597 968 dibulurn
615 899 757 970 dicitur.
1569 969 1572 978 ¹

482 1013 533 1078 De
558 1008 713 1095 Gangliis
737 1006 1093 1091 haemisphaeriorum.
1135 1000 1176 1067 In
1194 997 1416 1066 inferioribus
1435 997 1616 1084 generibus
1640 997 1790 1066 Glitium
1811 999 2022 1066 conveniunt
2051 976 2129 1068 cuni

438 1125 558 1190 iisdem
578 1123 737 1212 partibus
753 1120 790 1183 in
814 1117 964 1200 Avibus3
990 1133 1030 1181 ut
1055 1112 1152 1179 iniis
1181 1109 1383 1178 animalibus
1415 1107 1598 1198 superficie
1628 1110 1807 1200 posteriori
1835 1082 2126 1200 haemisphaerioss¹

439 1260 514 1300 rum
535 1251 616 1300 sunt
640 1249 754 1311 tecta,
775 1229 822 1295 sic
843 1228 879 1294 iu
900 1221 1138 1291 Mammalibus
1156 1219 1301 1286 fornice.
1344 1221 1508 1286 Anterius
1533 1217 1693 1301 adjacent
1717 1227 1919 1310 corporibus
1941 1225 2088 1304 strictis,
2108 1248 2127 1291 a

395 1343 397 1348 ’
441 1346 564 1437 quibus
585 1359 740 1433 separata
760 1357 841 1407 sunt
864 1339 970 1418 atrii,
996 1335 1123 1400 Taenia
1145 1355 1270 1398 cornea
1291 1332 1427 1400 vocatu.
1469 1329 1657 1400 Filumenta
1679 1335 1806 1420 partim
1832 1337 1965 1401 intrant
1983 1355 2129 1420 corpora

440 1456 578 1535 striata,
603 1455 727 1542 partim
753 1452 866 1515 statim
894 1461 1074 1524 transeunt
1095 1446 1134 1511 in
1156 1443 1262 1508 latera
1289 1442 1472 1508 ventriculi
1505 1440 1616 1524 magni
1652 1439 1800 1510 cerebri.
1847 1446 1898 1510 Ex
1926 1447 1967 1510 iis
1989 1442 2129 1528 gangliis

442 1566 600 1631 oriuntur
625 1561 802 1628 columnae
826 1557 967 1624 fornicis
999 1555 1134 1644 duplici
1157 1553 1286 1620 radice.
1331 1553 1379 1620 Ut
1405 1558 1441 1618 in
1465 1553 1622 1619 omnibus
1646 1552 1847 1618 animalibus
1868 1554 2130 1642 inperfectiori·

441 1677 525 1756 bns,
546 1675 609 1740 snb
629 1670 768 1760 gangliis
800 1665 1171 1752 haemisphaeriorum,
1194 1666 1230 1729 in
1261 1664 1333 1729 lrasi
1365 1664 1498 1730 cereBri
1525 1661 1623 1728 adest
1650 1685 1756 1728 massa
1790 1666 1999 1731 substantiae
2031 1667 2129 1733 cine-

442 1810 543 1866 reae,
576 1807 677 1875 quam
708 1780 844 1844 Carus
872 1776 974 1840 etiam
1006 1776 1043 1840 iu
1072 1773 1311 1844 Mammalibus
1344 1774 1477 1862 ganglia
1508 1773 1719 1864 hypopbysis
1751 1776 1885 1844 cerebri
1920 1794 2026 1842 vocat.
2071 1777 2127 1864 Ab

444 1897 509 1962 hac
530 1917 636 1960 massa
662 1889 776 1956 brevis
798 1883 924 1952 canalis
953 1883 995 1949 ad
1014 1885 1235 1976 hypophysiu
1261 1884 1393 1970 teudit3
1420 1887 1637 1977 llypophysis
1660 1891 1697 1954 in
1721 1889 1862 1956 caritate
1882 1887 2021 1980 propria
2038 1889 2130 1975 jacet

445 2009 574 2088 emnil,
596 2005 743 2070 formam
760 1999 865 2064 babet
879 1995 1084 2073 rotundam,
1107 1994 1303 2080 globosam,
1326 2008 1361 2060 et
1383 2019 1401 2062 e
1418 1999 1607 2072 substantia
1626 2000 1752 2082 rubra,
1777 1983 1914 2065 cinerea
1934 2013 1968 2062 et
1986 1995 2126 2062 medul-

441 2117 506 2184 lari
524 2130 668 2183 constat.

483 2227 580 2291 luter
600 2221 866 2312 haemisphaeria
881 2236 916 2284 et
938 2241 1081 2308 corpora
1102 2217 1359 2306 quadrigemina
1378 2218 1474 2288 adest
1503 2217 1677 2286 Glandula
1703 2221 1845 2312 pluralis
1870 2219 2072 2308 (Zirbel)c
2096 2236 2131 2289 ct

443 2358 522 2403 cum
553 2333 820 2424 haemisphaeriu
842 2351 988 2418 corpora
1017 2329 1277 2416 quadrigemina
1304 2327 1396 2394 haud
1417 2330 1518 2419 plane
1544 2352 1578 2401 et
1596 2333 1737 2402 omuino
1758 2345 1895 2418 tegant,
1928 2333 2042 2396 statim
2068 2331 2131 2400 sub

444 2445 532 2512 dura
552 2461 660 2510 matre
684 2444 774 2528 jacet
794 2439 988 2520 Glandula,
1012 2463 1098 2529 quae
1121 2443 1323 2510 membrani
1348 2465 1425 2508 cum
1451 2468 1489 2511 ea
1514 2446 1612 2514 lirme
1642 2446 1826 2532 conjuncta
1851 2459 1914 2511 est.
1959 2440 2134 2509 Glauduls

445 2557 590 2650 pinealis
618 2579 696 2623 cum
724 2554 858 2621 dnobus
888 2549 974 2617 albis
996 2553 1154 2619 cruribus
1185 2551 1456 2640 medullaribus,
1480 2583 1566 2649 quae
1591 2560 1630 2627 in
1653 2559 1785 2626 fornice
1807 2569 2032 2638 evanescunt,
2056 2575 2134 2622 curn

444 2672 583 2761 gangliis
609 2666 952 2758 haemisphaeriorum
973 2667 1206 2753 conjungitur.

488 2783 538 2848 De
562 2780 765 2868 corporibus
784 2775 1063 2865 quadrigeminis.
1107 2779 1193 2846 Fere
1211 2778 1325 2848 nullee
1348 2779 1569 2870 reperiuntur
1591 2797 1731 2869 partes,
1754 2778 1798 2845 dc
1821 2779 1945 2866 quibus
1974 2793 2044 2846 tant
2062 2779 2131 2846 ab·

446 2894 568 2962 surdae
590 2888 743 2979 prolatae
763 2883 1046 2971 suntopiniones.
1090 2887 1189 2958 Gall
1211 2890 1263 2976 (ι)
1286 2905 1376 2956 certe
1395 2890 1525 2980 primus
1540 2889 1657 2954 statuit
1672 2887 1881 2974 gaugliorum
1897 2886 2047 2976 primum
2070 2891 2135 2976 pai·

447 3003 625 3087 analogum
642 3020 714 3065 esse
736 2991 862 3063 lobnlis
893 2994 1040 3086 opticiss
1074 3021 1162 3086 quac
1194 3001 1333 3088 opinio,
1365 3016 1546 3089 postquam
1571 2996 1756 3066 Wenael
1788 2994 1918 3061 detexit
1949 2995 2134 3086 quamdam

446 3115 596 3203 speciem
618 3107 769 3177 caritatis
793 3106 831 3172 in
857 3106 1013 3192 Avibus,
1037 3109 1159 3176 eximie
1189 3108 1409 3200 comprobata
1434 3124 1497 3177 est.
1540 3109 1682 3176 initium
1699 3105 1859 3172 faciamus
1883 3131 1901 3172 a
1921 3108 2034 3196 primo
2056 3109 2134 3198 pari

447 3222 676 3310 gaugliorum,
698 3216 830 3287 lobulos
854 3220 984 3312 opticus
1003 3220 1186 3288 referente.
1228 3221 1270 3287 Iu
1297 3218 1452 3287 Gliribus
1483 3215 1670 3285 admodum
1698 3216 1809 3301 magni
1834 3240 1906 3283 esse
1931 3219 2043 3287 solent
2071 3219 2134 3290 lo‘·

447 3335 523 3403 buli
550 3335 675 3422 optici3
699 3347 733 3397 et
753 3331 939 3418 praecipue
958 3333 993 3397 in
1015 3333 1055 3398 iis
1080 3332 1283 3422 speciebus,
1318 3331 1380 3397 nbi
1405 3345 1513 3398 totum
1536 3348 1687 3415 organon
1704 3325 1825 3392 senatis
1851 3327 1956 3396 Visite
1978 3309 2135 3418 magnum

448 3462 523 3528 est,
548 3446 646 3510 utin
673 3439 874 3528 leporibus.
919 3440 1007 3505 Sunt
1029 3455 1141 3506 tamen
1163 3441 1270 3507 lobuli
1286 3441 1393 3529 optici
1414 3441 1526 3524 magni
1553 3460 1690 3528 quoque
1709 3437 1746 3504 in
1763 3438 1938 3506 nonnullis
1959 3443 2136 3532 speciebus

448 3583 482 3626 v.
506 3579 536 3623 c.
552 3557 589 3620 in
616 3552 715 3617 Mure
739 3549 867 3626 Ratto,
893 3549 952 3610 ubi
979 3547 1111 3614 debiles
1143 3551 1364 3642 uerrioptici
1384 3551 1619 3616 inveniuntur.
1663 3551 1788 3618 Forma
1807 3551 1931 3618 horum
1955 3574 2137 3634 corporum

452 3685 504 3737 est
523 3664 660 3753 globosa
680 3685 745 3752 pro
760 3659 913 3729 ,maxima
941 3673 1037 3747 parte
1061 3673 1097 3726 ct
1127 3679 1286 3728 constant
1307 3687 1324 3728 e
1345 3659 1533 3726 substantia
1558 3659 1694 3725 cinerea
1727 3665 1844 3730 rubra.
1890 3661 1994 3730 Snloo
2015 3687 2137 3748 magno

451 3779 560 3844 divisa
587 3787 668 3840 sunt
697 3771 733 3835 in
770 3768 853 3833 duas
884 3785 997 3855 partes
1025 3793 1056 3836 v.
1084 3793 1114 3836 c.
1141 3771 1177 3838 in
1203 3773 1414 3865 Leporibus,
1446 3794 1532 3859 quae
1563 3769 1684 3838 divisio
1714 3777 1751 3840 in
1781 3773 1973 3840 memoriam
2001 3791 2137 3842 revocat

450 3891 592 3955 {ormam
612 3882 820 3976 primitivam
837 3881 875 3946 iu
898 3882 1006 3948 Esoce
1030 3881 1137 3946 Lucio
1152 3897 1187 3948 et
1208 3883 1424 3978 Amphibiis:
1449 3882 1486 3948 in
1510 3881 1669 3949 Muribus
1697 3884 1844 3950 minores
1864 3897 1947 3947 sunt
1972 3905 2076 3972 quarn
2099 3883 2138 3949 in

450 3995 658 4086 Leporibus·

492 4105 711 4172 Pervenimus
731 4101 773 4166 ad
799 4126 861 4194 par
881 4101 1060 4193 posterius.
1107 4101 1199 4170 Haec
1217 4105 1348 4192 ganglia
1374 4109 1536 4192 majorem
1570 4103 1700 4172 babent
1733 4102 1944 4173 diametrum*
1967 4121 2140 4174 transver-

452 4217 554 4285 salem
576 4237 680 4306 qnam
703 4211 1013 4298 longitudinalemg
1039 4214 1195 4282 universe
1224 4219 1318 4306 quod
1346 4218 1390 4284 ad
1421 4219 1580 4286 volumen
1606 4215 1739 4281 minora
1771 4232 1852 4281 sunt
1878 4243 1978 4307 quam
2008 4205 2139 4305 ganglia

450 4336 576 4424 prima.
608 4327 696 4394 Tota
712 4322 1095 4392 formatacaubstantia
1113 4324 1302 4393 medullari.
1338 4330 1442 4418 Quod
1464 4329 1503 4394 ad
1527 4340 1755 4411 structuram,
1776 4328 1964 4395 secundum
1984 4315 2141 4398 Caium

450 4445 490 4512 iu
512 4458 659 4533 utroque
677 4437 781 4504 latere
797 4433 956 4501 fascicula
986 4431 1236 4498 illamentorum
1264 4437 1432 4508 medullae
1457 4440 1655 4525 oblongatae
1679 4439 1919 4520 adscendunt,
1951 4461 2037 4529 quae
2066 4443 2139 4506 sese

452 4561 490 4622 in
509 4553 639 4648 apicem
657 4547 868 4636 gaugliorum
884 4547 936 4612 sui
960 4545 1076 4613 lateris
1101 4543 1305 4634 inflectunt,
1328 4549 1410 4619 dein
1444 4564 1629 4616 recurrunt
1651 4567 1686 4618 ct
1706 4549 1756 4617 rio
1781 4570 1853 4615 sose
1883 4547 2032 4614 invicem
2048 4569 2139 4616 con·

2055 4681 2142 4744 jan-

450 4761 453 4770 *
488 4800 546 4874 (ι)
570 4757 657 4854 Gall
674 4802 705 4852 et
727 4793 955 4874 Spursbeim,
975 4795 1062 4854 And.
1082 4791 1132 4852 des
1151 4790 1335 4875 rtet-says.
1352 4794 1411 4854 und
1434 4793 1577 4864 Gebirns,
1596 4793 1680 4869 illd,
1692 4813 1749 4853 son
1767 4791 1825 4852 den
1840 4789 2003 4852 Sebnerrcu
2014 4793 2146 4871 ,susm
