<?xml version="1.0" encoding="UTF-8"?>
<!DOCTYPE html PUBLIC "-//W3C//DTD XHTML 1.0 Transitional//EN"
    "http://www.w3.org/TR/xhtml1/DTD/xhtml1-transitional.dtd">
<html xmlns="http://www.w3.org/1999/xhtml" xml:lang="en" lang="en">
 <head>
  <title>
</title>
<meta http-equiv="Content-Type" content="text/html;charset=utf-8" />
  <meta name='ocr-system' content='tesseract 3.04.00' />
  <meta name='ocr-capabilities' content='ocr_page ocr_carea ocr_par ocr_line ocrx_word'/>
</head>
<body>
  <div class='ocr_page' id='page_1' title='image "./carolimarinigil00giltgoog_0057.png"; bbox 0 0 4992 6138; ppageno 0'>
   <div class='ocr_carea' id='block_1_1' title="bbox 454 509 1779 601">
    <p class='ocr_par' dir='ltr' id='par_1_1' title="bbox 454 509 1779 601">
     <span class='ocr_line' id='line_1_1' title="bbox 454 509 1779 601; baseline 0.004 -17"><span class='ocrx_word' id='word_1_1' title='bbox 454 525 500 598; x_wconf 69' lang='lat'>5!</span> <span class='ocrx_word' id='word_1_2' title='bbox 810 509 1779 601; x_wconf 66' lang='lat' dir='ltr'>culto-Lim·A1t-11t1G112T·AY·‚</span> 
     </span>
    </p>
   </div>
   <div class='ocr_carea' id='block_1_2' title="bbox 464 683 2294 4676">
    <p class='ocr_par' dir='ltr' id='par_1_2' title="bbox 466 683 2158 1238">
     <span class='ocr_line' id='line_1_2' title="bbox 509 683 2158 789; baseline -0.001 -16"><span class='ocrx_word' id='word_1_3' title='bbox 509 700 719 775; x_wconf 56' lang='lat' dir='ltr'>secandis</span> <span class='ocrx_word' id='word_1_4' title='bbox 740 698 938 768; x_wconf 87' lang='lat' dir='ltr'>medullaris</span> <span class='ocrx_word' id='word_1_5' title='bbox 952 717 1022 766; x_wconf 92' lang='lat' dir='ltr'>non</span> <span class='ocrx_word' id='word_1_6' title='bbox 1042 699 1186 788; x_wconf 88' lang='lat' dir='ltr'>amplius</span> <span class='ocrx_word' id='word_1_7' title='bbox 1198 683 1316 766; x_wconf 84' lang='lat' dir='ltr'>adest..¹</span> <span class='ocrx_word' id='word_1_8' title='bbox 1351 690 1505 762; x_wconf 82' lang='lat' dir='ltr'>Multum</span> <span class='ocrx_word' id='word_1_9' title='bbox 1525 692 1569 761; x_wconf 93' lang='lat' dir='ltr'>de</span> <span class='ocrx_word' id='word_1_10' title='bbox 1587 697 1693 768; x_wconf 84' lang='lat' dir='ltr'>bocca</span> <span class='ocrx_word' id='word_1_11' title='bbox 1712 698 1821 766; x_wconf 84' lang='lat' dir='ltr'>canali</span> <span class='ocrx_word' id='word_1_12' title='bbox 1841 697 2051 787; x_wconf 84' lang='lat' dir='ltr'>disputatum</span> <span class='ocrx_word' id='word_1_13' title='bbox 2069 723 2158 789; x_wconf 65' lang='lat' dir='ltr'>aas,</span> 
     </span>
     <span class='ocr_line' id='line_1_3' title="bbox 466 801 2147 904; baseline -0.003 -15"><span class='ocrx_word' id='word_1_14' title='bbox 466 820 526 889; x_wconf 89' lang='lat' dir='ltr'>scd</span> <span class='ocrx_word' id='word_1_15' title='bbox 550 819 690 887; x_wconf 89' lang='lat' dir='ltr'>demum</span> <span class='ocrx_word' id='word_1_16' title='bbox 705 811 892 904; x_wconf 85' lang='lat' dir='ltr'>probatum</span> <span class='ocrx_word' id='word_1_17' title='bbox 912 811 976 901; x_wconf 78' lang='lat' dir='ltr'>(u)</span> <span class='ocrx_word' id='word_1_18' title='bbox 1000 813 1037 877; x_wconf 93' lang='lat' dir='ltr'>in</span> <span class='ocrx_word' id='word_1_19' title='bbox 1060 810 1198 877; x_wconf 87' lang='lat' dir='ltr'>homine</span> <span class='ocrx_word' id='word_1_20' title='bbox 1212 806 1331 875; x_wconf 88' lang='lat' dir='ltr'>adulto</span> <span class='ocrx_word' id='word_1_21' title='bbox 1346 826 1418 872; x_wconf 92' lang='lat' dir='ltr'>non</span> <span class='ocrx_word' id='word_1_22' title='bbox 1435 801 1570 873; x_wconf 73' lang='lat' dir='ltr'>adesses</span> <span class='ocrx_word' id='word_1_23' title='bbox 1595 807 1679 878; x_wconf 90' lang='lat' dir='ltr'>binc</span> <span class='ocrx_word' id='word_1_24' title='bbox 1703 807 1843 901; x_wconf 81' lang='lat' dir='ltr'><strong>plurimi</strong></span> <span class='ocrx_word' id='word_1_25' title='bbox 1864 811 1986 880; x_wconf 84' lang='lat' dir='ltr'>dicunt</span> <span class='ocrx_word' id='word_1_26' title='bbox 2004 838 2147 903; x_wconf 82' lang='lat' dir='ltr'>prorsus</span> 
     </span>
     <span class='ocr_line' id='line_1_4' title="bbox 467 917 2147 1012; baseline -0.002 -16"><span class='ocrx_word' id='word_1_27' title='bbox 467 931 608 1010; x_wconf 71' lang='lat' dir='ltr'>abesse,</span> <span class='ocrx_word' id='word_1_28' title='bbox 630 923 692 993; x_wconf 81' lang='lat' dir='ltr'>sed</span> <span class='ocrx_word' id='word_1_29' title='bbox 714 923 817 992; x_wconf 84' lang='lat' dir='ltr'>facile</span> <span class='ocrx_word' id='word_1_30' title='bbox 835 925 935 992; x_wconf 90' lang='lat' dir='ltr'>etiam</span> <span class='ocrx_word' id='word_1_31' title='bbox 965 926 1002 991; x_wconf 91' lang='lat' dir='ltr'>in</span> <span class='ocrx_word' id='word_1_32' title='bbox 1026 921 1120 988; x_wconf 81' lang='lat' dir='ltr'>foetu</span> <span class='ocrx_word' id='word_1_33' title='bbox 1143 919 1373 988; x_wconf 84' lang='lat' dir='ltr'>demonstrari</span> <span class='ocrx_word' id='word_1_34' title='bbox 1393 935 1506 1012; x_wconf 82' lang='lat' dir='ltr'>potest</span> <span class='ocrx_word' id='word_1_35' title='bbox 1529 917 1750 988; x_wconf 84' lang='lat' dir='ltr'>contrarium.</span> <span class='ocrx_word' id='word_1_36' title='bbox 1793 919 1988 990; x_wconf 77' lang='lat' dir='ltr'>obliterato</span> <span class='ocrx_word' id='word_1_37' title='bbox 2014 925 2147 1008; x_wconf 83' lang='lat' dir='ltr'>canali,</span> 
     </span>
     <span class='ocr_line' id='line_1_5' title="bbox 467 1025 2148 1130; baseline -0.004 -24"><span class='ocrx_word' id='word_1_38' title='bbox 467 1037 659 1130; x_wconf 86' lang='lat' dir='ltr'>perietibus</span> <span class='ocrx_word' id='word_1_39' title='bbox 682 1034 789 1126; x_wconf 87' lang='lat' dir='ltr'>ipsius</span> <span class='ocrx_word' id='word_1_40' title='bbox 820 1029 864 1098; x_wconf 91' lang='lat' dir='ltr'>ad</span> <span class='ocrx_word' id='word_1_41' title='bbox 888 1033 1090 1100; x_wconf 84' lang='lat' dir='ltr'>seinvicem</span> <span class='ocrx_word' id='word_1_42' title='bbox 1116 1033 1390 1121; x_wconf 71' lang='lat' dir='ltr'>accedentibus,</span> <span class='ocrx_word' id='word_1_43' title='bbox 1424 1035 1582 1102; x_wconf 86' lang='lat' dir='ltr'>oriuntur</span> <span class='ocrx_word' id='word_1_44' title='bbox 1611 1025 1723 1118; x_wconf 83' lang='lat' dir='ltr'>plicae</span> <span class='ocrx_word' id='word_1_45' title='bbox 1749 1029 2036 1118; x_wconf 61' lang='lat' dir='ltr'>longitudinem,</span> <span class='ocrx_word' id='word_1_46' title='bbox 2063 1055 2148 1122; x_wconf 84' lang='lat' dir='ltr'>quaa</span> 
     </span>
     <span class='ocr_line' id='line_1_6' title="bbox 468 1141 1080 1238; baseline -0.011 -20"><span class='ocrx_word' id='word_1_47' title='bbox 468 1153 607 1218; x_wconf 83' lang='lat' dir='ltr'>Curua</span> <span class='ocrx_word' id='word_1_48' title='bbox 631 1147 702 1238; x_wconf 76' lang='lat'>(2)</span> <span class='ocrx_word' id='word_1_49' title='bbox 723 1145 840 1212; x_wconf 85' lang='lat' dir='ltr'>adesse</span> <span class='ocrx_word' id='word_1_50' title='bbox 855 1141 1080 1213; x_wconf 84' lang='lat' dir='ltr'>demonstrat.</span> 
     </span>
    </p>

    <p class='ocr_par' dir='ltr' id='par_1_3' title="bbox 465 1249 2152 1902">
     <span class='ocr_line' id='line_1_7' title="bbox 507 1249 2149 1349; baseline -0.002 -23"><span class='ocrx_word' id='word_1_51' title='bbox 507 1263 662 1349; x_wconf 76' lang='lat' dir='ltr'>Quarto¹</span> <span class='ocrx_word' id='word_1_52' title='bbox 698 1253 930 1330; x_wconf 80' lang='lat' dir='ltr'>Praevnlentii</span> <span class='ocrx_word' id='word_1_53' title='bbox 952 1254 1202 1324; x_wconf 85' lang='lat' dir='ltr'>incrassaticnis</span> <span class='ocrx_word' id='word_1_54' title='bbox 1237 1255 1368 1324; x_wconf 88' lang='lat' dir='ltr'>mediae</span> <span class='ocrx_word' id='word_1_55' title='bbox 1389 1279 1475 1346; x_wconf 85' lang='lat' dir='ltr'>prae</span> <span class='ocrx_word' id='word_1_56' title='bbox 1506 1252 1676 1340; x_wconf 81' lang='lat' dir='ltr'>inferiori.¹</span> <span class='ocrx_word' id='word_1_57' title='bbox 1717 1249 1834 1337; x_wconf 87' lang='lat' dir='ltr'>Quum</span> <span class='ocrx_word' id='word_1_58' title='bbox 1863 1270 1930 1322; x_wconf 84' lang='lat' dir='ltr'>tres</span> <span class='ocrx_word' id='word_1_59' title='bbox 1953 1255 2149 1342; x_wconf 81' lang='lat' dir='ltr'>agnovimus</span> 
     </span>
     <span class='ocr_line' id='line_1_8' title="bbox 465 1361 2146 1454; baseline -0.005 -15"><span class='ocrx_word' id='word_1_60' title='bbox 465 1369 727 1439; x_wconf 84' lang='lat' dir='ltr'>incrassationes</span> <span class='ocrx_word' id='word_1_61' title='bbox 752 1361 946 1439; x_wconf 82' lang='lat' dir='ltr'>medullae,</span> <span class='ocrx_word' id='word_1_62' title='bbox 970 1363 1116 1454; x_wconf 84' lang='lat' dir='ltr'>primam</span> <span class='ocrx_word' id='word_1_63' title='bbox 1136 1361 1181 1430; x_wconf 86' lang='lat' dir='ltr'>ad</span> <span class='ocrx_word' id='word_1_64' title='bbox 1199 1368 1401 1452; x_wconf 89' lang='lat' dir='ltr'>cerebrum,</span> <span class='ocrx_word' id='word_1_65' title='bbox 1424 1369 1509 1436; x_wconf 84' lang='lat' dir='ltr'>duee</span> <span class='ocrx_word' id='word_1_66' title='bbox 1528 1365 1634 1447; x_wconf 83' lang='lat' dir='ltr'>aliae,</span> <span class='ocrx_word' id='word_1_67' title='bbox 1656 1363 1808 1431; x_wconf 83' lang='lat' dir='ltr'>mediam</span> <span class='ocrx_word' id='word_1_68' title='bbox 1823 1364 1861 1428; x_wconf 89' lang='lat' dir='ltr'>in</span> <span class='ocrx_word' id='word_1_69' title='bbox 1890 1365 2029 1432; x_wconf 79' lang='lat' dir='ltr'>thorace</span> <span class='ocrx_word' id='word_1_70' title='bbox 2058 1365 2146 1432; x_wconf 82' lang='lat' dir='ltr'>iuli.-</span> 
     </span>
     <span class='ocr_line' id='line_1_9' title="bbox 466 1473 2152 1568; baseline -0.005 -17"><span class='ocrx_word' id='word_1_71' title='bbox 466 1506 557 1552; x_wconf 82' lang='lat' dir='ltr'>mam</span> <span class='ocrx_word' id='word_1_72' title='bbox 579 1501 693 1547; x_wconf 76' lang='lat' dir='ltr'>versus</span> <span class='ocrx_word' id='word_1_73' title='bbox 724 1476 869 1568; x_wconf 77' lang='lat' dir='ltr'>palvim3</span> <span class='ocrx_word' id='word_1_74' title='bbox 905 1497 1040 1564; x_wconf 80' lang='lat' dir='ltr'>semper</span> <span class='ocrx_word' id='word_1_75' title='bbox 1061 1473 1260 1545; x_wconf 81' lang='lat' dir='ltr'>inferiorem</span> <span class='ocrx_word' id='word_1_76' title='bbox 1290 1499 1363 1546; x_wconf 85' lang='lat' dir='ltr'>esse</span> <span class='ocrx_word' id='word_1_77' title='bbox 1399 1479 1576 1546; x_wconf 87' lang='lat' dir='ltr'>maximam</span> <span class='ocrx_word' id='word_1_78' title='bbox 1612 1473 1803 1542; x_wconf 79' lang='lat' dir='ltr'>videbimus</span> <span class='ocrx_word' id='word_1_79' title='bbox 1836 1475 1870 1542; x_wconf 89' lang='lat' dir='ltr'>iu</span> <span class='ocrx_word' id='word_1_80' title='bbox 1906 1477 2068 1562; x_wconf 69' lang='lat' dir='ltr'>caeterirg</span> <span class='ocrx_word' id='word_1_81' title='bbox 2093 1475 2152 1542; x_wconf 85' lang='lat' dir='ltr'>bic</span> 
     </span>
     <span class='ocr_line' id='line_1_10' title="bbox 470 1583 2148 1680; baseline -0.005 -21"><span class='ocrx_word' id='word_1_82' title='bbox 470 1605 591 1658; x_wconf 81' lang='lat' dir='ltr'>contre</span> <span class='ocrx_word' id='word_1_83' title='bbox 615 1585 724 1654; x_wconf 89' lang='lat' dir='ltr'>medie</span> <span class='ocrx_word' id='word_1_84' title='bbox 747 1584 942 1680; x_wconf 83' lang='lat' dir='ltr'>praevalet,</span> <span class='ocrx_word' id='word_1_85' title='bbox 973 1585 1167 1676; x_wconf 88' lang='lat' dir='ltr'>quodcum</span> <span class='ocrx_word' id='word_1_86' title='bbox 1188 1587 1313 1654; x_wconf 91' lang='lat' dir='ltr'>minori</span> <span class='ocrx_word' id='word_1_87' title='bbox 1335 1589 1527 1657; x_wconf 80' lang='lat' dir='ltr'>evolutione</span> <span class='ocrx_word' id='word_1_88' title='bbox 1547 1585 1718 1656; x_wconf 83' lang='lat' dir='ltr'>inferioris</span> <span class='ocrx_word' id='word_1_89' title='bbox 1740 1586 1845 1676; x_wconf 88' lang='lat' dir='ltr'>partis</span> <span class='ocrx_word' id='word_1_90' title='bbox 1882 1583 2049 1652; x_wconf 84' lang='lat' dir='ltr'>medullae</span> <span class='ocrx_word' id='word_1_91' title='bbox 2073 1589 2148 1678; x_wconf 82' lang='lat' dir='ltr'>api·</span> 
     </span>
     <span class='ocr_line' id='line_1_11' title="bbox 470 1693 2152 1788; baseline -0.005 -18"><span class='ocrx_word' id='word_1_92' title='bbox 470 1704 557 1776; x_wconf 80' lang='lat' dir='ltr'>nelis</span> <span class='ocrx_word' id='word_1_93' title='bbox 590 1697 761 1770; x_wconf 81' lang='lat' dir='ltr'>convenit.</span> <span class='ocrx_word' id='word_1_94' title='bbox 806 1697 886 1786; x_wconf 73' lang='lat' dir='ltr'>stae,</span> <span class='ocrx_word' id='word_1_95' title='bbox 908 1719 1022 1764; x_wconf 85' lang='lat' dir='ltr'>omnes</span> <span class='ocrx_word' id='word_1_96' title='bbox 1047 1695 1298 1788; x_wconf 77' lang='lat' dir='ltr'>proprietates,</span> <span class='ocrx_word' id='word_1_97' title='bbox 1329 1697 1454 1786; x_wconf 85' lang='lat' dir='ltr'>quibus</span> <span class='ocrx_word' id='word_1_98' title='bbox 1482 1697 1636 1786; x_wconf 84' lang='lat' dir='ltr'>perlecta</span> <span class='ocrx_word' id='word_1_99' title='bbox 1662 1693 1812 1764; x_wconf 76' lang='lat' dir='ltr'>medulla</span> <span class='ocrx_word' id='word_1_100' title='bbox 1842 1695 1983 1786; x_wconf 80' lang='lat' dir='ltr'>spinalis</span> <span class='ocrx_word' id='word_1_101' title='bbox 2005 1696 2152 1764; x_wconf 85' lang='lat' dir='ltr'>bominis</span> 
     </span>
     <span class='ocr_line' id='line_1_12' title="bbox 470 1808 1446 1902; baseline -0.012 -18"><span class='ocrx_word' id='word_1_102' title='bbox 470 1831 631 1895; x_wconf 78' lang='lat' dir='ltr'>notatur,</span> <span class='ocrx_word' id='word_1_103' title='bbox 653 1810 780 1878; x_wconf 79' lang='lat' dir='ltr'>docent</span> <span class='ocrx_word' id='word_1_104' title='bbox 801 1822 967 1902; x_wconf 77' lang='lat' dir='ltr'>qnantum</span> <span class='ocrx_word' id='word_1_105' title='bbox 988 1808 1208 1876; x_wconf 72' lang='lat' dir='ltr'>subordinate</span> <span class='ocrx_word' id='word_1_106' title='bbox 1230 1809 1276 1878; x_wconf 81' lang='lat' dir='ltr'>sit</span> <span class='ocrx_word' id='word_1_107' title='bbox 1294 1808 1446 1874; x_wconf 84' lang='lat' dir='ltr'>cerebro.</span> 
     </span>
    </p>

    <p class='ocr_par' dir='ltr' id='par_1_4' title="bbox 469 1915 2153 2559">
     <span class='ocr_line' id='line_1_13' title="bbox 512 1915 2149 2016; baseline -0.002 -24"><span class='ocrx_word' id='word_1_108' title='bbox 512 1921 619 2016; x_wconf 91' lang='lat' dir='ltr'>Quod</span> <span class='ocrx_word' id='word_1_109' title='bbox 640 1918 685 1989; x_wconf 91' lang='lat' dir='ltr'>ad</span> <span class='ocrx_word' id='word_1_110' title='bbox 701 1942 844 1987; x_wconf 81' lang='lat' dir='ltr'>nervos:</span> <span class='ocrx_word' id='word_1_111' title='bbox 861 1917 983 1990; x_wconf 86' lang='lat' dir='ltr'>inutile</span> <span class='ocrx_word' id='word_1_112' title='bbox 1003 1919 1092 1986; x_wconf 85' lang='lat' dir='ltr'>soret</span> <span class='ocrx_word' id='word_1_113' title='bbox 1106 1917 1171 1986; x_wconf 92' lang='lat' dir='ltr'>boc</span> <span class='ocrx_word' id='word_1_114' title='bbox 1189 1918 1267 1990; x_wconf 89' lang='lat' dir='ltr'>loco</span> <span class='ocrx_word' id='word_1_115' title='bbox 1285 1939 1340 1985; x_wconf 90' lang='lat' dir='ltr'>eos</span> <span class='ocrx_word' id='word_1_116' title='bbox 1358 1915 1580 2002; x_wconf 73' lang='lat' dir='ltr'>describere,</span> <span class='ocrx_word' id='word_1_117' title='bbox 1603 1943 1709 2010; x_wconf 90' lang='lat' dir='ltr'>quum</span> <span class='ocrx_word' id='word_1_118' title='bbox 1727 1923 1796 2008; x_wconf 88' lang='lat' dir='ltr'>jam</span> <span class='ocrx_word' id='word_1_119' title='bbox 1820 1921 1856 1986; x_wconf 95' lang='lat' dir='ltr'>in</span> <span class='ocrx_word' id='word_1_120' title='bbox 1881 1923 1979 1989; x_wconf 88' lang='lat' dir='ltr'>tertia</span> <span class='ocrx_word' id='word_1_121' title='bbox 1999 1923 2149 2007; x_wconf 72' lang='lat' dir='ltr'>sectione</span> 
     </span>
     <span class='ocr_line' id='line_1_14' title="bbox 470 2025 2153 2122; baseline -0.006 -16"><span class='ocrx_word' id='word_1_122' title='bbox 470 2035 630 2106; x_wconf 85' lang='lat' dir='ltr'>dedimus</span> <span class='ocrx_word' id='word_1_123' title='bbox 645 2030 915 2122; x_wconf 72' lang='lat' dir='ltr'>descriptionem</span> <span class='ocrx_word' id='word_1_124' title='bbox 927 2051 1110 2104; x_wconf 83' lang='lat' dir='ltr'>nervorum</span> <span class='ocrx_word' id='word_1_125' title='bbox 1123 2025 1376 2112; x_wconf 73' lang='lat' dir='ltr'>Mammelium,</span> <span class='ocrx_word' id='word_1_126' title='bbox 1396 2028 1491 2096; x_wconf 90' lang='lat' dir='ltr'>omni</span> <span class='ocrx_word' id='word_1_127' title='bbox 1506 2029 1609 2099; x_wconf 89' lang='lat' dir='ltr'>modo</span> <span class='ocrx_word' id='word_1_128' title='bbox 1630 2054 1709 2098; x_wconf 90' lang='lat' dir='ltr'>cum</span> <span class='ocrx_word' id='word_1_129' title='bbox 1726 2031 1863 2099; x_wconf 86' lang='lat' dir='ltr'>bomine</span> <span class='ocrx_word' id='word_1_130' title='bbox 1882 2031 2153 2099; x_wconf 86' lang='lat' dir='ltr'>convenientem.</span> 
     </span>
     <span class='ocr_line' id='line_1_15' title="bbox 470 2137 2152 2236; baseline -0.005 -19"><span class='ocrx_word' id='word_1_131' title='bbox 470 2149 601 2222; x_wconf 84' lang='lat' dir='ltr'>Eadem</span> <span class='ocrx_word' id='word_1_132' title='bbox 626 2143 723 2236; x_wconf 76' lang='lat' dir='ltr'>peria</span> <span class='ocrx_word' id='word_1_133' title='bbox 748 2140 986 2221; x_wconf 69' lang='lat' dir='ltr'>obsecramus,</span> <span class='ocrx_word' id='word_1_134' title='bbox 1011 2141 1166 2212; x_wconf 88' lang='lat' dir='ltr'>eamdem</span> <span class='ocrx_word' id='word_1_135' title='bbox 1196 2137 1474 2206; x_wconf 79' lang='lat' dir='ltr'>distributionem</span> <span class='ocrx_word' id='word_1_136' title='bbox 1493 2139 1530 2206; x_wconf 92' lang='lat' dir='ltr'>in</span> <span class='ocrx_word' id='word_1_137' title='bbox 1556 2143 1735 2236; x_wconf 77' lang='lat' dir='ltr'>pertibus3</span> <span class='ocrx_word' id='word_1_138' title='bbox 1768 2165 1839 2208; x_wconf 92' lang='lat' dir='ltr'>non</span> <span class='ocrx_word' id='word_1_139' title='bbox 1859 2142 1960 2229; x_wconf 84' lang='lat' dir='ltr'>igitur</span> <span class='ocrx_word' id='word_1_140' title='bbox 1985 2141 2152 2208; x_wconf 87' lang='lat' dir='ltr'>attentio·</span> 
     </span>
     <span class='ocr_line' id='line_1_16' title="bbox 472 2249 2150 2342; baseline -0.002 -16"><span class='ocrx_word' id='word_1_141' title='bbox 472 2281 552 2326; x_wconf 90' lang='lat' dir='ltr'>nem</span> <span class='ocrx_word' id='word_1_142' title='bbox 570 2253 747 2340; x_wconf 79' lang='lat' dir='ltr'>fatigemus</span> <span class='ocrx_word' id='word_1_143' title='bbox 767 2249 995 2320; x_wconf 88' lang='lat' dir='ltr'>describendo</span> <span class='ocrx_word' id='word_1_144' title='bbox 1008 2249 1190 2340; x_wconf 85' lang='lat' dir='ltr'>quemdam</span> <span class='ocrx_word' id='word_1_145' title='bbox 1209 2251 1459 2328; x_wconf 80' lang='lat' dir='ltr'>ramusculum,</span> <span class='ocrx_word' id='word_1_146' title='bbox 1480 2254 1541 2342; x_wconf 91' lang='lat' dir='ltr'>qui</span> <span class='ocrx_word' id='word_1_147' title='bbox 1560 2276 1631 2319; x_wconf 91' lang='lat' dir='ltr'>non</span> <span class='ocrx_word' id='word_1_148' title='bbox 1645 2257 1682 2320; x_wconf 93' lang='lat' dir='ltr'>in</span> <span class='ocrx_word' id='word_1_149' title='bbox 1701 2251 1938 2322; x_wconf 86' lang='lat' dir='ltr'>Mammelibus</span> <span class='ocrx_word' id='word_1_150' title='bbox 1952 2255 2150 2338; x_wconf 80' lang='lat' dir='ltr'>invenitur3</span> 
     </span>
     <span class='ocr_line' id='line_1_17' title="bbox 469 2359 2152 2462; baseline -0.008 -23"><span class='ocrx_word' id='word_1_151' title='bbox 469 2372 530 2440; x_wconf 87' lang='lat' dir='ltr'>aed</span> <span class='ocrx_word' id='word_1_152' title='bbox 551 2367 663 2462; x_wconf 79' lang='lat' dir='ltr'>potius</span> <span class='ocrx_word' id='word_1_153' title='bbox 683 2361 836 2436; x_wconf 84' lang='lat' dir='ltr'>breviter</span> <span class='ocrx_word' id='word_1_154' title='bbox 856 2359 893 2426; x_wconf 90' lang='lat' dir='ltr'>in</span> <span class='ocrx_word' id='word_1_155' title='bbox 908 2361 1105 2436; x_wconf 83' lang='lat' dir='ltr'>memoriam</span> <span class='ocrx_word' id='word_1_156' title='bbox 1127 2382 1323 2431; x_wconf 80' lang='lat' dir='ltr'>revocemus</span> <span class='ocrx_word' id='word_1_157' title='bbox 1341 2362 1542 2457; x_wconf 85' lang='lat' dir='ltr'>praecipuas</span> <span class='ocrx_word' id='word_1_158' title='bbox 1569 2362 1801 2444; x_wconf 82' lang='lat' dir='ltr'>differentias,</span> <span class='ocrx_word' id='word_1_159' title='bbox 1827 2365 1952 2455; x_wconf 77' lang='lat' dir='ltr'>quibua</span> <span class='ocrx_word' id='word_1_160' title='bbox 1967 2367 2057 2434; x_wconf 84' lang='lat' dir='ltr'>Esox</span> <span class='ocrx_word' id='word_1_161' title='bbox 2075 2367 2152 2434; x_wconf 53' lang='lat' dir='ltr'>Lus</span> 
     </span>
     <span class='ocr_line' id='line_1_18' title="bbox 469 2469 1044 2559; baseline -0.021 -7"><span class='ocrx_word' id='word_1_162' title='bbox 469 2487 541 2553; x_wconf 88' lang='lat' dir='ltr'>cius</span> <span class='ocrx_word' id='word_1_163' title='bbox 564 2506 583 2548; x_wconf 90' lang='lat' dir='ltr'>a</span> <span class='ocrx_word' id='word_1_164' title='bbox 601 2471 838 2546; x_wconf 86' lang='lat' dir='ltr'>Mammalibns</span> <span class='ocrx_word' id='word_1_165' title='bbox 856 2469 1044 2559; x_wconf 84' lang='lat' dir='ltr'>discrepat.</span> 
     </span>
    </p>

    <p class='ocr_par' dir='ltr' id='par_1_5' title="bbox 467 2580 2161 3343">
     <span class='ocr_line' id='line_1_19' title="bbox 510 2580 2160 2677; baseline -0.005 -13"><span class='ocrx_word' id='word_1_166' title='bbox 510 2595 556 2664; x_wconf 84' lang='lat' dir='ltr'>Si</span> <span class='ocrx_word' id='word_1_167' title='bbox 571 2583 856 2677; x_wconf 80' lang='lat' dir='ltr'>organisationem</span> <span class='ocrx_word' id='word_1_168' title='bbox 877 2580 993 2650; x_wconf 80' lang='lat' dir='ltr'>Erocir</span> <span class='ocrx_word' id='word_1_169' title='bbox 1021 2583 1120 2658; x_wconf 74' lang='lat' dir='ltr'>Lucii</span> <span class='ocrx_word' id='word_1_170' title='bbox 1151 2605 1386 2672; x_wconf 77' lang='lat' dir='ltr'>comparemur</span> <span class='ocrx_word' id='word_1_171' title='bbox 1414 2601 1450 2653; x_wconf 92' lang='lat' dir='ltr'>et</span> <span class='ocrx_word' id='word_1_172' title='bbox 1474 2606 1686 2674; x_wconf 83' lang='lat' dir='ltr'>opponemus</span> <span class='ocrx_word' id='word_1_173' title='bbox 1710 2587 1949 2674; x_wconf 81' lang='lat' dir='ltr'>organisationi</span> <span class='ocrx_word' id='word_1_174' title='bbox 1976 2590 2160 2657; x_wconf 75' lang='lat' dir='ltr'>Mamma-</span> 
     </span>
     <span class='ocr_line' id='line_1_20' title="bbox 468 2690 2153 2792; baseline -0.004 -18"><span class='ocrx_word' id='word_1_175' title='bbox 468 2709 575 2788; x_wconf 82' lang='lat' dir='ltr'>lium,</span> <span class='ocrx_word' id='word_1_176' title='bbox 598 2712 726 2792; x_wconf 59' lang='lat' dir='ltr'>quenl&amp;</span> <span class='ocrx_word' id='word_1_177' title='bbox 740 2692 840 2772; x_wconf 66' lang='lat' dir='ltr'>11⁰‚blss</span> <span class='ocrx_word' id='word_1_178' title='bbox 860 2691 960 2759; x_wconf 69' lang='lat' dir='ltr'>0bvl⁸</span> <span class='ocrx_word' id='word_1_179' title='bbox 980 2690 1022 2758; x_wconf 74' lang='lat' dir='ltr'>fil</span> <span class='ocrx_word' id='word_1_180' title='bbox 1042 2690 1261 2780; x_wconf 80' lang='lat' dir='ltr'>differentia3</span> <span class='ocrx_word' id='word_1_181' title='bbox 1286 2698 1371 2767; x_wconf 89' lang='lat' dir='ltr'>dum</span> <span class='ocrx_word' id='word_1_182' title='bbox 1398 2703 1434 2768; x_wconf 93' lang='lat' dir='ltr'>in</span> <span class='ocrx_word' id='word_1_183' title='bbox 1460 2703 1520 2770; x_wconf 91' lang='lat' dir='ltr'>illo</span> <span class='ocrx_word' id='word_1_184' title='bbox 1539 2725 1656 2770; x_wconf 84' lang='lat' dir='ltr'>sensus</span> <span class='ocrx_word' id='word_1_185' title='bbox 1676 2701 1817 2769; x_wconf 88' lang='lat' dir='ltr'>minime</span> <span class='ocrx_word' id='word_1_186' title='bbox 1844 2701 1988 2782; x_wconf 84' lang='lat' dir='ltr'>exculti,</span> <span class='ocrx_word' id='word_1_187' title='bbox 2021 2703 2153 2770; x_wconf 86' lang='lat' dir='ltr'>abecu-</span> 
     </span>
     <span class='ocr_line' id='line_1_21' title="bbox 469 2801 2153 2907; baseline -0.005 -22"><span class='ocrx_word' id='word_1_188' title='bbox 469 2840 520 2885; x_wconf 80' lang='lat' dir='ltr'>tus</span> <span class='ocrx_word' id='word_1_189' title='bbox 546 2815 672 2889; x_wconf 82' lang='lat' dir='ltr'>etiam.</span> <span class='ocrx_word' id='word_1_190' title='bbox 696 2811 733 2873; x_wconf 91' lang='lat' dir='ltr'>in</span> <span class='ocrx_word' id='word_1_191' title='bbox 762 2805 816 2871; x_wconf 85' lang='lat' dir='ltr'>bis</span> <span class='ocrx_word' id='word_1_192' title='bbox 839 2801 1006 2892; x_wconf 83' lang='lat' dir='ltr'>exquisite</span> <span class='ocrx_word' id='word_1_193' title='bbox 1028 2805 1179 2890; x_wconf 78' lang='lat' dir='ltr'>expressi</span> <span class='ocrx_word' id='word_1_194' title='bbox 1206 2823 1308 2891; x_wconf 65' lang='lat' dir='ltr'>eunte</span> <span class='ocrx_word' id='word_1_195' title='bbox 1345 2815 1499 2904; x_wconf 86' lang='lat' dir='ltr'>corporis</span> <span class='ocrx_word' id='word_1_196' title='bbox 1516 2837 1617 2907; x_wconf 85' lang='lat' dir='ltr'>pars,</span> <span class='ocrx_word' id='word_1_197' title='bbox 1639 2813 1699 2879; x_wconf 91' lang='lat' dir='ltr'>ubi</span> <span class='ocrx_word' id='word_1_198' title='bbox 1721 2831 1837 2876; x_wconf 85' lang='lat' dir='ltr'>sensns</span> <span class='ocrx_word' id='word_1_199' title='bbox 1850 2811 2020 2876; x_wconf 89' lang='lat' dir='ltr'>reconditi</span> <span class='ocrx_word' id='word_1_200' title='bbox 2045 2827 2153 2894; x_wconf 81' lang='lat' dir='ltr'>sunt,</span> 
     </span>
     <span class='ocr_line' id='line_1_22' title="bbox 467 2910 2161 3010; baseline -0.003 -19"><span class='ocrx_word' id='word_1_201' title='bbox 467 2933 505 2998; x_wconf 83' lang='lat' dir='ltr'>iu</span> <span class='ocrx_word' id='word_1_202' title='bbox 536 2922 693 3000; x_wconf 77' lang='lat' dir='ltr'>illusere</span> <span class='ocrx_word' id='word_1_203' title='bbox 721 2938 791 2983; x_wconf 90' lang='lat' dir='ltr'>non</span> <span class='ocrx_word' id='word_1_204' title='bbox 836 2910 979 2982; x_wconf 84' lang='lat' dir='ltr'>abeliis</span> <span class='ocrx_word' id='word_1_205' title='bbox 1006 2914 1161 3003; x_wconf 88' lang='lat' dir='ltr'>partibus</span> <span class='ocrx_word' id='word_1_206' title='bbox 1191 2934 1346 3008; x_wconf 82' lang='lat' dir='ltr'>separate</span> <span class='ocrx_word' id='word_1_207' title='bbox 1373 2939 1441 3004; x_wconf 86' lang='lat' dir='ltr'>est,</span> <span class='ocrx_word' id='word_1_208' title='bbox 1476 2922 1514 2989; x_wconf 92' lang='lat' dir='ltr'>in</span> <span class='ocrx_word' id='word_1_209' title='bbox 1543 2919 1800 3000; x_wconf 85' lang='lat' dir='ltr'>bisdistinnta,</span> <span class='ocrx_word' id='word_1_210' title='bbox 1832 2919 2068 3010; x_wconf 77' lang='lat' dir='ltr'>proe&#39;mincna,</span> <span class='ocrx_word' id='word_1_211' title='bbox 2102 2921 2161 2986; x_wconf 40' lang='lat' dir='ltr'>ab,</span> 
     </span>
     <span class='ocr_line' id='line_1_23' title="bbox 469 3021 2151 3128; baseline -0.005 -21"><span class='ocrx_word' id='word_1_212' title='bbox 469 3040 543 3110; x_wconf 82' lang='lat' dir='ltr'>eliis</span> <span class='ocrx_word' id='word_1_213' title='bbox 568 3033 701 3122; x_wconf 75' lang='lat' dir='ltr'>organis</span> <span class='ocrx_word' id='word_1_214' title='bbox 727 3042 888 3128; x_wconf 76' lang='lat' dir='ltr'>remotas</span> <span class='ocrx_word' id='word_1_215' title='bbox 919 3023 957 3092; x_wconf 90' lang='lat' dir='ltr'>in</span> <span class='ocrx_word' id='word_1_216' title='bbox 982 3021 1120 3095; x_wconf 86' lang='lat' dir='ltr'>bomine</span> <span class='ocrx_word' id='word_1_217' title='bbox 1150 3045 1266 3097; x_wconf 88' lang='lat' dir='ltr'>erecto</span> <span class='ocrx_word' id='word_1_218' title='bbox 1291 3053 1407 3102; x_wconf 88' lang='lat' dir='ltr'>omnes</span> <span class='ocrx_word' id='word_1_219' title='bbox 1434 3031 1486 3099; x_wconf 93' lang='lat' dir='ltr'>illi</span> <span class='ocrx_word' id='word_1_220' title='bbox 1511 3048 1605 3100; x_wconf 88' lang='lat' dir='ltr'>sunt·</span> <span class='ocrx_word' id='word_1_221' title='bbox 1625 3025 1881 3098; x_wconf 80' lang='lat' dir='ltr'>subordinatas.</span> <span class='ocrx_word' id='word_1_222' title='bbox 1924 3029 1997 3096; x_wconf 90' lang='lat' dir='ltr'>Nec</span> <span class='ocrx_word' id='word_1_223' title='bbox 2023 3030 2151 3099; x_wconf 90' lang='lat' dir='ltr'>mirum</span> 
     </span>
     <span class='ocr_line' id='line_1_24' title="bbox 471 3134 2152 3232; baseline 0.002 -28"><span class='ocrx_word' id='word_1_224' title='bbox 471 3169 694 3229; x_wconf 50' lang='lat' dir='ltr'>fflnmos,</span> <span class='ocrx_word' id='word_1_225' title='bbox 728 3137 789 3230; x_wconf 88' lang='lat' dir='ltr'>qui</span> <span class='ocrx_word' id='word_1_226' title='bbox 814 3136 867 3207; x_wconf 85' lang='lat' dir='ltr'>his</span> <span class='ocrx_word' id='word_1_227' title='bbox 889 3134 1043 3208; x_wconf 84' lang='lat' dir='ltr'>sensibus</span> <span class='ocrx_word' id='word_1_228' title='bbox 1067 3156 1231 3226; x_wconf 83' lang='lat' dir='ltr'>praesunt</span> <span class='ocrx_word' id='word_1_229' title='bbox 1253 3159 1288 3210; x_wconf 87' lang='lat' dir='ltr'>et</span> <span class='ocrx_word' id='word_1_230' title='bbox 1320 3143 1383 3230; x_wconf 85' lang='lat' dir='ltr'>qui</span> <span class='ocrx_word' id='word_1_231' title='bbox 1412 3165 1540 3232; x_wconf 88' lang='lat' dir='ltr'>organa</span> <span class='ocrx_word' id='word_1_232' title='bbox 1565 3139 1853 3210; x_wconf 82' lang='lat' dir='ltr'>adsenseticnem</span> <span class='ocrx_word' id='word_1_233' title='bbox 1875 3154 1954 3230; x_wconf 87' lang='lat' dir='ltr'>apta</span> <span class='ocrx_word' id='word_1_234' title='bbox 1976 3139 2152 3226; x_wconf 86' lang='lat' dir='ltr'>reddunt,</span> 
     </span>
     <span class='ocr_line' id='line_1_25' title="bbox 470 3245 2151 3343; baseline -0.007 -11"><span class='ocrx_word' id='word_1_235' title='bbox 470 3267 571 3332; x_wconf 88' lang='lat' dir='ltr'>etiam</span> <span class='ocrx_word' id='word_1_236' title='bbox 592 3264 630 3336; x_wconf 89' lang='lat' dir='ltr'>in</span> <span class='ocrx_word' id='word_1_237' title='bbox 649 3247 1005 3336; x_wconf 82' lang='lat' dir='ltr'>Mammalibuslcnge</span> <span class='ocrx_word' id='word_1_238' title='bbox 1027 3249 1268 3338; x_wconf 81' lang='lat' dir='ltr'>perlectionem</span> <span class='ocrx_word' id='word_1_239' title='bbox 1297 3251 1440 3341; x_wconf 86' lang='lat' dir='ltr'>gradum</span> <span class='ocrx_word' id='word_1_240' title='bbox 1464 3275 1634 3343; x_wconf 88' lang='lat' dir='ltr'>occupare</span> <span class='ocrx_word' id='word_1_241' title='bbox 1665 3273 1768 3342; x_wconf 87' lang='lat' dir='ltr'>quem</span> <span class='ocrx_word' id='word_1_242' title='bbox 1793 3249 1830 3314; x_wconf 93' lang='lat' dir='ltr'>in</span> <span class='ocrx_word' id='word_1_243' title='bbox 1859 3245 1978 3317; x_wconf 84' lang='lat' dir='ltr'>Esoce.</span> <span class='ocrx_word' id='word_1_244' title='bbox 2017 3251 2059 3317; x_wconf 87' lang='lat' dir='ltr'>ln</span> <span class='ocrx_word' id='word_1_245' title='bbox 2083 3251 2151 3322; x_wconf 88' lang='lat' dir='ltr'>boc</span> 
     </span>
    </p>

    <p class='ocr_par' dir='ltr' id='par_1_6' title="bbox 464 3359 2294 4563">
     <span class='ocr_line' id='line_1_26' title="bbox 496 3359 2155 3458; baseline -0.003 -18"><span class='ocrx_word' id='word_1_246' title='bbox 496 3376 565 3440; x_wconf 89' lang='lat' dir='ltr'>oirn</span> <span class='ocrx_word' id='word_1_247' title='bbox 591 3368 727 3438; x_wconf 88' lang='lat' dir='ltr'>animali</span> <span class='ocrx_word' id='word_1_248' title='bbox 743 3366 829 3433; x_wconf 90' lang='lat' dir='ltr'>nulli</span> <span class='ocrx_word' id='word_1_249' title='bbox 847 3367 919 3434; x_wconf 82' lang='lat' dir='ltr'>lere</span> <span class='ocrx_word' id='word_1_250' title='bbox 949 3361 1173 3429; x_wconf 85' lang='lat' dir='ltr'>inveniuntur</span> <span class='ocrx_word' id='word_1_251' title='bbox 1201 3367 1297 3431; x_wconf 88' lang='lat' dir='ltr'>nervi</span> <span class='ocrx_word' id='word_1_252' title='bbox 1331 3387 1395 3452; x_wconf 89' lang='lat' dir='ltr'>pro</span> <span class='ocrx_word' id='word_1_253' title='bbox 1426 3383 1547 3451; x_wconf 86' lang='lat' dir='ltr'>gustu,</span> <span class='ocrx_word' id='word_1_254' title='bbox 1579 3361 1714 3432; x_wconf 81' lang='lat' dir='ltr'>auditus</span> <span class='ocrx_word' id='word_1_255' title='bbox 1745 3359 1848 3428; x_wconf 89' lang='lat' dir='ltr'>etiam</span> <span class='ocrx_word' id='word_1_256' title='bbox 1874 3363 2057 3458; x_wconf 85' lang='lat' dir='ltr'>proprium</span> <span class='ocrx_word' id='word_1_257' title='bbox 2081 3389 2155 3435; x_wconf 89' lang='lat' dir='ltr'>non</span> 
     </span>
     <span class='ocr_line' id='line_1_27' title="bbox 464 3401 2169 3568; baseline -0.004 -13"><span class='ocrx_word' id='word_1_258' title='bbox 464 3401 578 3555; x_wconf 66' lang='lat' dir='ltr'>{abet</span> <span class='ocrx_word' id='word_1_259' title='bbox 605 3503 765 3563; x_wconf 84' lang='lat' dir='ltr'>nervum,</span> <span class='ocrx_word' id='word_1_260' title='bbox 797 3477 856 3546; x_wconf 90' lang='lat' dir='ltr'>sed</span> <span class='ocrx_word' id='word_1_261' title='bbox 894 3493 1007 3542; x_wconf 85' lang='lat' dir='ltr'>ramus</span> <span class='ocrx_word' id='word_1_262' title='bbox 1033 3468 1125 3558; x_wconf 89' lang='lat' dir='ltr'>peris</span> <span class='ocrx_word' id='word_1_263' title='bbox 1151 3471 1263 3559; x_wconf 87' lang='lat' dir='ltr'>quinti</span> <span class='ocrx_word' id='word_1_264' title='bbox 1293 3475 1439 3540; x_wconf 86' lang='lat' dir='ltr'>officium</span> <span class='ocrx_word' id='word_1_265' title='bbox 1468 3475 1608 3542; x_wconf 85' lang='lat' dir='ltr'>acuetici</span> <span class='ocrx_word' id='word_1_266' title='bbox 1624 3487 1794 3568; x_wconf 68' lang='lat' dir='ltr'>praestate</span> <span class='ocrx_word' id='word_1_267' title='bbox 1829 3497 1937 3564; x_wconf 87' lang='lat' dir='ltr'>quum</span> <span class='ocrx_word' id='word_1_268' title='bbox 1964 3479 1992 3543; x_wconf 90' lang='lat' dir='ltr'>si</span> <span class='ocrx_word' id='word_1_269' title='bbox 2014 3501 2169 3568; x_wconf 62' lang='lat' dir='ltr'>parvam«</span> 
     </span>
     <span class='ocr_line' id='line_1_28' title="bbox 473 3580 2170 3680; baseline -0.001 -21"><span class='ocrx_word' id='word_1_270' title='bbox 473 3599 575 3680; x_wconf 80' lang='lat' dir='ltr'>hujus</span> <span class='ocrx_word' id='word_1_271' title='bbox 613 3614 728 3660; x_wconf 86' lang='lat' dir='ltr'>sensus</span> <span class='ocrx_word' id='word_1_272' title='bbox 763 3587 964 3674; x_wconf 87' lang='lat' dir='ltr'>dignitatem</span> <span class='ocrx_word' id='word_1_273' title='bbox 992 3581 1106 3654; x_wconf 88' lang='lat' dir='ltr'>adbuc</span> <span class='ocrx_word' id='word_1_274' title='bbox 1130 3604 1214 3674; x_wconf 90' lang='lat' dir='ltr'>opus</span> <span class='ocrx_word' id='word_1_275' title='bbox 1247 3603 1334 3650; x_wconf 82' lang='lat' dir='ltr'>esset</span> <span class='ocrx_word' id='word_1_276' title='bbox 1370 3585 1622 3666; x_wconf 83' lang='lat' dir='ltr'>demonstrare,</span> <span class='ocrx_word' id='word_1_277' title='bbox 1661 3586 1755 3650; x_wconf 87' lang='lat' dir='ltr'>certe</span> <span class='ocrx_word' id='word_1_278' title='bbox 1785 3580 2170 3658; x_wconf 68' lang='lat' dir='ltr'>delectumauriculae-</span> 
     </span>
     <span class='ocr_line' id='line_1_29' title="bbox 476 3692 2156 3794; baseline -0.005 -22"><span class='ocrx_word' id='word_1_279' title='bbox 476 3723 638 3772; x_wconf 85' lang='lat' dir='ltr'>externae</span> <span class='ocrx_word' id='word_1_280' title='bbox 655 3717 891 3794; x_wconf 76' lang='lat' dir='ltr'>argumentum</span> <span class='ocrx_word' id='word_1_281' title='bbox 909 3692 1153 3765; x_wconf 82' lang='lat' dir='ltr'>validissimum</span> <span class='ocrx_word' id='word_1_282' title='bbox 1173 3692 1340 3760; x_wconf 85' lang='lat' dir='ltr'>existimo.</span> <span class='ocrx_word' id='word_1_283' title='bbox 1385 3697 1573 3763; x_wconf 71' lang='lat' dir='ltr'>contrata</span> <span class='ocrx_word' id='word_1_284' title='bbox 1590 3695 1847 3778; x_wconf 82' lang='lat' dir='ltr'>Mimmalibns,</span> <span class='ocrx_word' id='word_1_285' title='bbox 1872 3715 1955 3788; x_wconf 89' lang='lat' dir='ltr'>quot</span> <span class='ocrx_word' id='word_1_286' title='bbox 1974 3702 2069 3766; x_wconf 86' lang='lat' dir='ltr'>nervi</span> <span class='ocrx_word' id='word_1_287' title='bbox 2084 3723 2156 3770; x_wconf 82' lang='lat' dir='ltr'>non</span> 
     </span>
     <span class='ocr_line' id='line_1_30' title="bbox 472 3803 2165 3905; baseline -0.006 -22"><span class='ocrx_word' id='word_1_288' title='bbox 472 3831 645 3905; x_wconf 77' lang='lat' dir='ltr'>occupant</span> <span class='ocrx_word' id='word_1_289' title='bbox 671 3833 822 3897; x_wconf 78' lang='lat' dir='ltr'>organon</span> <span class='ocrx_word' id='word_1_290' title='bbox 844 3811 986 3900; x_wconf 73' lang='lat' dir='ltr'>gustus?</span> <span class='ocrx_word' id='word_1_291' title='bbox 1029 3807 1072 3876; x_wconf 88' lang='lat' dir='ltr'>ln</span> <span class='ocrx_word' id='word_1_292' title='bbox 1102 3805 1224 3872; x_wconf 82' lang='lat' dir='ltr'>intime</span> <span class='ocrx_word' id='word_1_293' title='bbox 1249 3805 1390 3871; x_wconf 85' lang='lat' dir='ltr'>cavitate</span> <span class='ocrx_word' id='word_1_294' title='bbox 1411 3806 1478 3873; x_wconf 80' lang='lat' dir='ltr'>oris</span> <span class='ocrx_word' id='word_1_295' title='bbox 1502 3803 1766 3873; x_wconf 88' lang='lat' dir='ltr'>reconditumet</span> <span class='ocrx_word' id='word_1_296' title='bbox 1795 3828 1902 3895; x_wconf 87' lang='lat' dir='ltr'>quum</span> <span class='ocrx_word' id='word_1_297' title='bbox 1931 3807 2031 3873; x_wconf 89' lang='lat' dir='ltr'>etiam</span> <span class='ocrx_word' id='word_1_298' title='bbox 2060 3806 2165 3874; x_wconf 81' lang='lat' dir='ltr'>aliud</span> 
     </span>
     <span class='ocr_line' id='line_1_31' title="bbox 474 3903 2278 4014; baseline -0.006 -20"><span class='ocrx_word' id='word_1_299' title='bbox 474 3929 620 3998; x_wconf 86' lang='lat' dir='ltr'>officium</span> <span class='ocrx_word' id='word_1_300' title='bbox 649 3937 821 4014; x_wconf 85' lang='lat' dir='ltr'>praestare</span> <span class='ocrx_word' id='word_1_301' title='bbox 844 3918 951 3991; x_wconf 88' lang='lat' dir='ltr'>debat</span> <span class='ocrx_word' id='word_1_302' title='bbox 967 3913 1230 3995; x_wconf 74' lang='lat' dir='ltr'>Mammelibus,</span> <span class='ocrx_word' id='word_1_303' title='bbox 1257 3916 1351 3981; x_wconf 84' lang='lat' dir='ltr'>vocis</span> <span class='ocrx_word' id='word_1_304' title='bbox 1373 3940 1496 4008; x_wconf 83' lang='lat' dir='ltr'>nempe</span> <span class='ocrx_word' id='word_1_305' title='bbox 1514 3915 1731 4000; x_wconf 76' lang='lat' dir='ltr'>formationi,</span> <span class='ocrx_word' id='word_1_306' title='bbox 1754 3933 1790 3985; x_wconf 91' lang='lat' dir='ltr'>et</span> <span class='ocrx_word' id='word_1_307' title='bbox 1818 3918 1855 3982; x_wconf 88' lang='lat' dir='ltr'>in</span> <span class='ocrx_word' id='word_1_308' title='bbox 1877 3916 2073 3984; x_wconf 81' lang='lat' dir='ltr'>bominibus</span> <span class='ocrx_word' id='word_1_309' title='bbox 2098 3920 2170 3986; x_wconf 50' lang='lat' dir='ltr'>lom</span> <span class='ocrx_word' id='word_1_310' title='bbox 2274 3903 2278 3910; x_wconf 56' lang='grc'><strong>’</strong></span> 
     </span>
     <span class='ocr_line' id='line_1_32' title="bbox 475 4007 2153 4128; baseline -0.001 -30"><span class='ocrx_word' id='word_1_311' title='bbox 475 4034 606 4128; x_wconf 83' lang='lat' dir='ltr'>quendi</span> <span class='ocrx_word' id='word_1_312' title='bbox 627 4007 799 4114; x_wconf 73' lang='lat' dir='ltr'>facultati,</span> <span class='ocrx_word' id='word_1_313' title='bbox 829 4051 958 4096; x_wconf 77' lang='lat' dir='ltr'>nervos</span> <span class='ocrx_word' id='word_1_314' title='bbox 977 4027 1115 4116; x_wconf 89' lang='lat' dir='ltr'>accipit·</span> <span class='ocrx_word' id='word_1_315' title='bbox 1131 4041 1334 4116; x_wconf 80' lang='lat' dir='ltr'>sequentese</span> <span class='ocrx_word' id='word_1_316' title='bbox 1366 4007 1701 4094; x_wconf 80' lang='lat' dir='ltr'>remum-maxillaris</span> <span class='ocrx_word' id='word_1_317' title='bbox 1726 4023 1897 4093; x_wconf 80' lang='lat' dir='ltr'>inferioris</span> <span class='ocrx_word' id='word_1_318' title='bbox 1910 4031 2031 4120; x_wconf 46' lang='lat' dir='ltr'>„quinti</span> <span class='ocrx_word' id='word_1_319' title='bbox 2063 4033 2153 4122; x_wconf 81' lang='lat' dir='ltr'>paris</span> 
     </span>
     <span class='ocr_line' id='line_1_33' title="bbox 476 4136 2173 4240; baseline -0.004 -26"><span class='ocrx_word' id='word_1_320' title='bbox 476 4169 655 4226; x_wconf 76' lang='lat' dir='ltr'>erasmum</span> <span class='ocrx_word' id='word_1_321' title='bbox 677 4142 773 4210; x_wconf 85' lang='lat' dir='ltr'>nervi</span> <span class='ocrx_word' id='word_1_322' title='bbox 794 4140 948 4226; x_wconf 76' lang='lat' dir='ltr'>facialis3</span> <span class='ocrx_word' id='word_1_323' title='bbox 973 4139 1055 4212; x_wconf 88' lang='lat' dir='ltr'>dum</span> <span class='ocrx_word' id='word_1_324' title='bbox 1074 4161 1197 4208; x_wconf 84' lang='lat' dir='ltr'>nervus</span> <span class='ocrx_word' id='word_1_325' title='bbox 1216 4136 1561 4240; x_wconf 82' lang='lat' dir='ltr'>glossopberyogeus,</span> <span class='ocrx_word' id='word_1_326' title='bbox 1584 4139 1696 4226; x_wconf 88' lang='lat' dir='ltr'>quiin</span> <span class='ocrx_word' id='word_1_327' title='bbox 1721 4137 1828 4206; x_wconf 81' lang='lat' dir='ltr'>Escae</span> <span class='ocrx_word' id='word_1_328' title='bbox 1845 4161 1912 4228; x_wconf 87' lang='lat' dir='ltr'>pro</span> <span class='ocrx_word' id='word_1_329' title='bbox 1932 4163 2028 4234; x_wconf 84' lang='lat' dir='ltr'>parte</span> <span class='ocrx_word' id='word_1_330' title='bbox 2054 4144 2173 4230; x_wconf 73' lang='lat' dir='ltr'>possis:</span> 
     </span>
     <span class='ocr_line' id='line_1_34' title="bbox 476 4247 2155 4342; baseline -0.006 -14"><span class='ocrx_word' id='word_1_331' title='bbox 476 4259 596 4328; x_wconf 85' lang='lat' dir='ltr'>heberi</span> <span class='ocrx_word' id='word_1_332' title='bbox 617 4257 713 4324; x_wconf 83' lang='lat' dir='ltr'>nervi</span> <span class='ocrx_word' id='word_1_333' title='bbox 736 4253 969 4342; x_wconf 85' lang='lat' dir='ltr'>respiratorii‚</span> <span class='ocrx_word' id='word_1_334' title='bbox 991 4253 1086 4342; x_wconf 84' lang='lat' dir='ltr'>paria</span> <span class='ocrx_word' id='word_1_335' title='bbox 1116 4252 1215 4337; x_wconf 83' lang='lat' dir='ltr'>vagi,</span> <span class='ocrx_word' id='word_1_336' title='bbox 1237 4251 1308 4317; x_wconf 80' lang='lat' dir='ltr'>sere</span> <span class='ocrx_word' id='word_1_337' title='bbox 1339 4267 1428 4316; x_wconf 83' lang='lat' dir='ltr'>totos</span> <span class='ocrx_word' id='word_1_338' title='bbox 1445 4270 1518 4315; x_wconf 87' lang='lat' dir='ltr'>sese</span> <span class='ocrx_word' id='word_1_339' title='bbox 1541 4248 1578 4318; x_wconf 86' lang='lat' dir='ltr'>in</span> <span class='ocrx_word' id='word_1_340' title='bbox 1607 4247 1723 4336; x_wconf 88' lang='lat' dir='ltr'>lingna</span> <span class='ocrx_word' id='word_1_341' title='bbox 1742 4266 1778 4315; x_wconf 87' lang='lat' dir='ltr'>et</span> <span class='ocrx_word' id='word_1_342' title='bbox 1808 4253 1963 4318; x_wconf 73' lang='lat' dir='ltr'>miraculis</span> <span class='ocrx_word' id='word_1_343' title='bbox 1990 4253 2155 4338; x_wconf 86' lang='lat' dir='ltr'>adjacen-</span> 
     </span>
     <span class='ocr_line' id='line_1_35' title="bbox 477 4358 2176 4454; baseline -0.006 -15"><span class='ocrx_word' id='word_1_344' title='bbox 477 4375 567 4440; x_wconf 80' lang='lat' dir='ltr'>tibus</span> <span class='ocrx_word' id='word_1_345' title='bbox 595 4366 793 4444; x_wconf 82' lang='lat' dir='ltr'>distribuit,</span> <span class='ocrx_word' id='word_1_346' title='bbox 815 4385 940 4431; x_wconf 83' lang='lat' dir='ltr'>uovum</span> <span class='ocrx_word' id='word_1_347' title='bbox 967 4387 1030 4454; x_wconf 81' lang='lat' dir='ltr'>par</span> <span class='ocrx_word' id='word_1_348' title='bbox 1056 4363 1209 4444; x_wconf 82' lang='lat' dir='ltr'>aceedit,</span> <span class='ocrx_word' id='word_1_349' title='bbox 1239 4385 1364 4448; x_wconf 85' lang='lat' dir='ltr'>nempe</span> <span class='ocrx_word' id='word_1_350' title='bbox 1387 4358 1632 4448; x_wconf 80' lang='lat' dir='ltr'>llypoglcseus.</span> <span class='ocrx_word' id='word_1_351' title='bbox 1661 4361 1721 4452; x_wconf 83' lang='lat' dir='ltr'>qui</span> <span class='ocrx_word' id='word_1_352' title='bbox 1747 4384 1816 4430; x_wconf 81' lang='lat' dir='ltr'>sess</span> <span class='ocrx_word' id='word_1_353' title='bbox 1840 4363 1877 4430; x_wconf 88' lang='lat' dir='ltr'>in</span> <span class='ocrx_word' id='word_1_354' title='bbox 1896 4380 2176 4452; x_wconf 81' lang='lat' dir='ltr'>organugustua.</span> 
     </span>
     <span class='ocr_line' id='line_1_36' title="bbox 474 4463 2294 4563; baseline -0.007 -13"><span class='ocrx_word' id='word_1_355' title='bbox 474 4481 675 4563; x_wconf 87' lang='lat' dir='ltr'>distribuit,</span> <span class='ocrx_word' id='word_1_356' title='bbox 703 4474 1029 4562; x_wconf 71' lang='lat' dir='ltr'>nullumveatigium</span> <span class='ocrx_word' id='word_1_357' title='bbox 1043 4473 1145 4560; x_wconf 82' lang='lat' dir='ltr'>hujus</span> <span class='ocrx_word' id='word_1_358' title='bbox 1156 4473 1262 4540; x_wconf 78' lang='lat' dir='ltr'>nenti</span> <span class='ocrx_word' id='word_1_359' title='bbox 1276 4473 1315 4538; x_wconf 88' lang='lat' dir='ltr'>in</span> <span class='ocrx_word' id='word_1_360' title='bbox 1331 4475 1437 4540; x_wconf 82' lang='lat' dir='ltr'>Esoce</span> <span class='ocrx_word' id='word_1_361' title='bbox 1456 4469 1662 4540; x_wconf 70' lang='lat' dir='ltr'>insanium</span> <span class='ocrx_word' id='word_1_362' title='bbox 2058 4463 2060 4468; x_wconf 50' lang='grc'>’</span> <span class='ocrx_word' id='word_1_363' title='bbox 2289 4517 2294 4526; x_wconf 89' lang='lat'><strong>·</strong></span> 
     </span>
    </p>

    <p class='ocr_par' dir='ltr' id='par_1_7' title="bbox 2055 4585 2177 4676">
     <span class='ocr_line' id='line_1_37' title="bbox 2055 4585 2177 4676; baseline 0.033 -28"><span class='ocrx_word' id='word_1_364' title='bbox 2055 4585 2177 4676; x_wconf 75' lang='lat' dir='ltr'>Quadi</span> 
     </span>
    </p>
   </div>
   <div class='ocr_carea' id='block_1_3' title="bbox 505 4706 1869 4849">
    <p class='ocr_par' dir='ltr' id='par_1_8' title="bbox 505 4706 1869 4849">
     <span class='ocr_line' id='line_1_38' title="bbox 505 4706 1869 4849; baseline -0.001 -23"><span class='ocrx_word' id='word_1_365' title='bbox 505 4777 543 4849; x_wconf 68' lang='lat' dir='ltr'>(r</span> <span class='ocrx_word' id='word_1_366' title='bbox 557 4767 723 4847; x_wconf 50' lang='grc' dir='ltr'>γῦπας,</span> <span class='ocrx_word' id='word_1_367' title='bbox 744 4764 873 4830; x_wconf 81' lang='lat' dir='ltr'>Versuch</span> <span class='ocrx_word' id='word_1_368' title='bbox 889 4774 962 4837; x_wconf 79' lang='lat' dir='ltr'>eta„</span> <span class='ocrx_word' id='word_1_369' title='bbox 978 4781 1041 4844; x_wconf 84' lang='lat' dir='ltr'>pag·</span> <span class='ocrx_word' id='word_1_370' title='bbox 1061 4765 1139 4828; x_wconf 64' lang='lat' dir='ltr'>aio...</span> <span class='ocrx_word' id='word_1_371' title='bbox 1405 4706 1701 4843; x_wconf 35' lang='lat' dir='ltr'>(sturenbrug</span> <span class='ocrx_word' id='word_1_372' title='bbox 1717 4781 1784 4842; x_wconf 70' lang='lat' dir='ltr'>pag.</span> <span class='ocrx_word' id='word_1_373' title='bbox 1804 4763 1869 4826; x_wconf 68' lang='lat' dir='ltr'>edre</span> 
     </span>
    </p>
   </div>
   <div class='ocr_carea' id='block_1_4' title="bbox 0 0 2510 6132">
    <p class='ocr_par' dir='ltr' id='par_1_9' title="bbox 0 0 2510 6132">
     <span class='ocr_line' id='line_1_39' title="bbox 0 0 2510 6132; baseline 0 0"><span class='ocrx_word' id='word_1_374' title='bbox 0 0 2510 6132; x_wconf 95' lang='lat' dir='ltr'> </span> 
     </span>
    </p>
   </div>
  </div>
 </body>
</html>
