<?xml version="1.0" encoding="UTF-8"?>
<!DOCTYPE html PUBLIC "-//W3C//DTD XHTML 1.0 Transitional//EN"
    "http://www.w3.org/TR/xhtml1/DTD/xhtml1-transitional.dtd">
<html xmlns="http://www.w3.org/1999/xhtml" xml:lang="en" lang="en">
 <head>
  <title>
</title>
<meta http-equiv="Content-Type" content="text/html;charset=utf-8" />
  <meta name='ocr-system' content='tesseract 3.04.00' />
  <meta name='ocr-capabilities' content='ocr_page ocr_carea ocr_par ocr_line ocrx_word'/>
</head>
<body>
  <div class='ocr_page' id='page_1' title='image "./carolimarinigil00giltgoog_0024.png"; bbox 0 0 4992 6138; ppageno 0'>
   <div class='ocr_carea' id='block_1_1' title="bbox 613 483 2054 606">
    <p class='ocr_par' dir='ltr' id='par_1_1' title="bbox 613 483 2054 606">
     <span class='ocr_line' id='line_1_1' title="bbox 613 483 2054 606; baseline 0.011 -42"><span class='ocrx_word' id='word_1_1' title='bbox 613 487 988 564; x_wconf 77' lang='lat' dir='ltr'><strong>conuerrerro-</strong></span> <span class='ocrx_word' id='word_1_2' title='bbox 1004 505 1059 564; x_wconf 75' lang='lat' dir='ltr'><strong>aa</strong></span> <span class='ocrx_word' id='word_1_3' title='bbox 1088 483 1439 587; x_wconf 78' lang='lat' dir='ltr'><strong>ouausrtoruu</strong></span> <span class='ocrx_word' id='word_1_4' title='bbox 1469 488 1800 574; x_wconf 80' lang='lat' dir='ltr'><strong>zoouootcttu</strong></span> <span class='ocrx_word' id='word_1_5' title='bbox 2012 529 2054 606; x_wconf 54' lang='grc' dir='ltr'><strong>ι.</strong></span> 
     </span>
    </p>
   </div>
   <div class='ocr_carea' id='block_1_2' title="bbox 828 853 1904 992">
    <p class='ocr_par' dir='ltr' id='par_1_2' title="bbox 828 853 1904 992">
     <span class='ocr_line' id='line_1_2' title="bbox 828 853 1904 992; baseline 0.006 -28"><span class='ocrx_word' id='word_1_6' title='bbox 828 891 916 966; x_wconf 86' lang='lat' dir='ltr'><strong>Por</strong></span> <span class='ocrx_word' id='word_1_7' title='bbox 940 897 1168 963; x_wconf 80' lang='lat' dir='ltr'><strong>octavum.</strong></span> <span class='ocrx_word' id='word_1_8' title='bbox 1216 883 1399 978; x_wconf 78' lang='lat' dir='ltr'><strong>Neryuo</strong></span> <span class='ocrx_word' id='word_1_9' title='bbox 1422 913 1572 992; x_wconf 81' lang='lat' dir='ltr'><strong>rugus.</strong></span> <span class='ocrx_word' id='word_1_10' title='bbox 1866 853 1904 886; x_wconf 31' lang='grc' dir='ltr'>Χ</span> 
     </span>
    </p>
   </div>
   <div class='ocr_carea' id='block_1_3' title="bbox 351 1077 2045 3600">
    <p class='ocr_par' dir='ltr' id='par_1_3' title="bbox 352 1077 2044 2716">
     <span class='ocr_line' id='line_1_3' title="bbox 398 1077 2042 1172; baseline 0.004 -23"><span class='ocrx_word' id='word_1_11' title='bbox 398 1078 627 1149; x_wconf 84' lang='lat' dir='ltr'><strong>insertionem</strong></span> <span class='ocrx_word' id='word_1_12' title='bbox 649 1081 758 1148; x_wconf 87' lang='lat' dir='ltr'><strong>habet</strong></span> <span class='ocrx_word' id='word_1_13' title='bbox 776 1083 813 1150; x_wconf 90' lang='lat' dir='ltr'><strong>in</strong></span> <span class='ocrx_word' id='word_1_14' title='bbox 832 1079 982 1150; x_wconf 89' lang='lat' dir='ltr'><strong>medulla</strong></span> <span class='ocrx_word' id='word_1_15' title='bbox 1009 1077 1190 1165; x_wconf 74' lang='lat' dir='ltr'><strong>oblonga·</strong></span> <span class='ocrx_word' id='word_1_16' title='bbox 1219 1078 1335 1167; x_wconf 85' lang='lat' dir='ltr'><strong>(Tab.</strong></span> <span class='ocrx_word' id='word_1_17' title='bbox 1356 1099 1390 1147; x_wconf 82' lang='lat' dir='ltr'><strong>a·</strong></span> <span class='ocrx_word' id='word_1_18' title='bbox 1422 1081 1494 1170; x_wconf 70' lang='lat' dir='ltr'><strong>rig.</strong></span> <span class='ocrx_word' id='word_1_19' title='bbox 1513 1087 1545 1154; x_wconf 79' lang='lat'><strong>5.</strong></span> <span class='ocrx_word' id='word_1_20' title='bbox 1569 1085 1649 1172; x_wconf 84' lang='grc'>8.),</span> <span class='ocrx_word' id='word_1_21' title='bbox 1671 1085 1733 1154; x_wconf 88' lang='lat' dir='ltr'><strong>sed</strong></span> <span class='ocrx_word' id='word_1_22' title='bbox 1759 1087 1844 1153; x_wconf 86' lang='lat' dir='ltr'><strong>mihi</strong></span> <span class='ocrx_word' id='word_1_23' title='bbox 1862 1107 1932 1154; x_wconf 90' lang='lat' dir='ltr'><strong>non</strong></span> <span class='ocrx_word' id='word_1_24' title='bbox 1953 1107 2042 1155; x_wconf 90' lang='lat' dir='ltr'><strong>cou-</strong></span> 
     </span>
     <span class='ocr_line' id='line_1_4' title="bbox 360 1185 2040 1283; baseline 0.001 -23"><span class='ocrx_word' id='word_1_25' title='bbox 360 1195 457 1280; x_wconf 73' lang='lat' dir='ltr'><strong>tigit,</strong></span> <span class='ocrx_word' id='word_1_26' title='bbox 486 1191 536 1259; x_wconf 91' lang='lat' dir='ltr'><strong>sio</strong></span> <span class='ocrx_word' id='word_1_27' title='bbox 564 1207 604 1258; x_wconf 85' lang='lat' dir='ltr'><strong>ot</strong></span> <span class='ocrx_word' id='word_1_28' title='bbox 641 1194 775 1278; x_wconf 87' lang='lat' dir='ltr'><strong>Caro,</strong></span> <span class='ocrx_word' id='word_1_29' title='bbox 813 1191 920 1259; x_wconf 84' lang='lat' dir='ltr'><strong>fibras</strong></span> <span class='ocrx_word' id='word_1_30' title='bbox 951 1185 1117 1282; x_wconf 76' lang='lat' dir='ltr'>prosequi</span> <span class='ocrx_word' id='word_1_31' title='bbox 1153 1211 1263 1282; x_wconf 81' lang='lat' dir='ltr'><strong>usque</strong></span> <span class='ocrx_word' id='word_1_32' title='bbox 1304 1189 1350 1256; x_wconf 92' lang='lat' dir='ltr'><strong>ad</strong></span> <span class='ocrx_word' id='word_1_33' title='bbox 1385 1213 1529 1281; x_wconf 88' lang='lat' dir='ltr'><strong>corpora</strong></span> <span class='ocrx_word' id='word_1_34' title='bbox 1565 1195 1735 1283; x_wconf 75' lang='lat' dir='ltr'><strong>gangliosa</strong></span> <span class='ocrx_word' id='word_1_35' title='bbox 1774 1195 1812 1261; x_wconf 92' lang='lat' dir='ltr'><strong>in</strong></span> <span class='ocrx_word' id='word_1_36' title='bbox 1843 1194 2040 1264; x_wconf 87' lang='lat' dir='ltr'><strong>ventriculo</strong></span> 
     </span>
     <span class='ocr_line' id='line_1_5' title="bbox 357 1297 2040 1396; baseline 0.002 -28"><span class='ocrx_word' id='word_1_37' title='bbox 357 1317 485 1393; x_wconf 87' lang='lat' dir='ltr'><strong>querto</strong></span> <span class='ocrx_word' id='word_1_38' title='bbox 503 1303 662 1387; x_wconf 82' lang='lat' dir='ltr'><strong>iacentia.</strong></span> <span class='ocrx_word' id='word_1_39' title='bbox 707 1303 787 1368; x_wconf 83' lang='lat' dir='ltr'><strong>Exit</strong></span> <span class='ocrx_word' id='word_1_40' title='bbox 812 1325 876 1394; x_wconf 84' lang='lat' dir='ltr'><strong>per</strong></span> <span class='ocrx_word' id='word_1_41' title='bbox 897 1300 1051 1372; x_wconf 74' lang='lat' dir='ltr'><strong>foramen</strong></span> <span class='ocrx_word' id='word_1_42' title='bbox 1070 1301 1152 1370; x_wconf 88' lang='lat' dir='ltr'><strong>ossis</strong></span> <span class='ocrx_word' id='word_1_43' title='bbox 1183 1297 1371 1384; x_wconf 86' lang='lat' dir='ltr'><strong>occipitolis</strong></span> <span class='ocrx_word' id='word_1_44' title='bbox 1399 1298 1575 1390; x_wconf 88' lang='lat' dir='ltr'><strong>lateralis,</strong></span> <span class='ocrx_word' id='word_1_45' title='bbox 1598 1309 1637 1372; x_wconf 88' lang='lat' dir='ltr'><strong>in</strong></span> <span class='ocrx_word' id='word_1_46' title='bbox 1669 1329 1738 1396; x_wconf 89' lang='lat' dir='ltr'><strong>quo</strong></span> <span class='ocrx_word' id='word_1_47' title='bbox 1762 1304 1929 1372; x_wconf 82' lang='lat' dir='ltr'><strong>foramine</strong></span> <span class='ocrx_word' id='word_1_48' title='bbox 1949 1327 2040 1391; x_wconf 82' lang='lat' dir='ltr'><strong>gan·</strong></span> 
     </span>
     <span class='ocr_line' id='line_1_6' title="bbox 355 1408 2043 1507; baseline 0 -23"><span class='ocrx_word' id='word_1_49' title='bbox 355 1415 451 1501; x_wconf 72' lang='lat' dir='ltr'><strong>glion</strong></span> <span class='ocrx_word' id='word_1_50' title='bbox 468 1415 607 1498; x_wconf 71' lang='lat' dir='ltr'><strong>format·</strong></span> <span class='ocrx_word' id='word_1_51' title='bbox 636 1410 719 1480; x_wconf 88' lang='lat' dir='ltr'><strong>Edit</strong></span> <span class='ocrx_word' id='word_1_52' title='bbox 735 1412 848 1500; x_wconf 86' lang='lat' dir='ltr'><strong>primo</strong></span> <span class='ocrx_word' id='word_1_53' title='bbox 864 1435 974 1480; x_wconf 87' lang='lat' dir='ltr'><strong>ramos</strong></span> <span class='ocrx_word' id='word_1_54' title='bbox 993 1429 1062 1481; x_wconf 89' lang='lat' dir='ltr'><strong>tres</strong></span> <span class='ocrx_word' id='word_1_55' title='bbox 1083 1411 1193 1496; x_wconf 84' lang='lat' dir='ltr'><strong>(Tab.</strong></span> <span class='ocrx_word' id='word_1_56' title='bbox 1211 1412 1244 1480; x_wconf 80' lang='lat'><strong>5.</strong></span> <span class='ocrx_word' id='word_1_57' title='bbox 1265 1408 1338 1496; x_wconf 74' lang='lat' dir='ltr'><strong>Fig.</strong></span> <span class='ocrx_word' id='word_1_58' title='bbox 1358 1431 1387 1478; x_wconf 82' lang='lat' dir='ltr'><strong>t.</strong></span> <span class='ocrx_word' id='word_1_59' title='bbox 1412 1435 1447 1477; x_wconf 84' lang='grc' dir='ltr'><strong>α.</strong></span> <span class='ocrx_word' id='word_1_60' title='bbox 1473 1412 1507 1480; x_wconf 79' lang='lat' dir='ltr'><strong>b.</strong></span> <span class='ocrx_word' id='word_1_61' title='bbox 1526 1415 1598 1500; x_wconf 90' lang='lat' dir='ltr'><strong>c.)‚</strong></span> <span class='ocrx_word' id='word_1_62' title='bbox 1621 1417 1682 1507; x_wconf 92' lang='lat' dir='ltr'><strong>qui</strong></span> <span class='ocrx_word' id='word_1_63' title='bbox 1705 1413 1748 1482; x_wconf 90' lang='lat' dir='ltr'><strong>ad</strong></span> <span class='ocrx_word' id='word_1_64' title='bbox 1767 1430 1835 1482; x_wconf 87' lang='lat' dir='ltr'><strong>tres</strong></span> <span class='ocrx_word' id='word_1_65' title='bbox 1858 1414 2043 1484; x_wconf 84' lang='lat' dir='ltr'><strong>branchiae</strong></span> 
     </span>
     <span class='ocr_line' id='line_1_7' title="bbox 356 1521 2040 1613; baseline 0.003 -24"><span class='ocrx_word' id='word_1_66' title='bbox 356 1522 526 1590; x_wconf 76' lang='lat' dir='ltr'><strong>tendunte</strong></span> <span class='ocrx_word' id='word_1_67' title='bbox 550 1523 609 1589; x_wconf 87' lang='lat' dir='ltr'><strong>sed</strong></span> <span class='ocrx_word' id='word_1_68' title='bbox 623 1540 805 1613; x_wconf 74' lang='lat' dir='ltr'><strong>antequam</strong></span> <span class='ocrx_word' id='word_1_69' title='bbox 826 1524 869 1591; x_wconf 90' lang='lat' dir='ltr'><strong>ad</strong></span> <span class='ocrx_word' id='word_1_70' title='bbox 887 1523 1069 1593; x_wconf 72' lang='lat' dir='ltr'><strong>branchias</strong></span> <span class='ocrx_word' id='word_1_71' title='bbox 1083 1521 1309 1612; x_wconf 85' lang='lat' dir='ltr'><strong>perveniant,</strong></span> <span class='ocrx_word' id='word_1_72' title='bbox 1333 1521 1478 1611; x_wconf 84' lang='lat' dir='ltr'><strong>quisque</strong></span> <span class='ocrx_word' id='word_1_73' title='bbox 1497 1545 1569 1590; x_wconf 90' lang='lat' dir='ltr'><strong>sese</strong></span> <span class='ocrx_word' id='word_1_74' title='bbox 1587 1522 1709 1592; x_wconf 88' lang='lat' dir='ltr'><strong>dividit</strong></span> <span class='ocrx_word' id='word_1_75' title='bbox 1729 1527 1766 1591; x_wconf 93' lang='lat' dir='ltr'><strong>in</strong></span> <span class='ocrx_word' id='word_1_76' title='bbox 1783 1527 1868 1593; x_wconf 90' lang='lat' dir='ltr'><strong>duos</strong></span> <span class='ocrx_word' id='word_1_77' title='bbox 1883 1529 1991 1612; x_wconf 88' lang='lat' dir='ltr'><strong>(Tab.</strong></span> <span class='ocrx_word' id='word_1_78' title='bbox 2008 1533 2040 1600; x_wconf 80' lang='lat'><strong>5.</strong></span> 
     </span>
     <span class='ocr_line' id='line_1_8' title="bbox 353 1631 2042 1724; baseline 0.003 -23"><span class='ocrx_word' id='word_1_79' title='bbox 353 1635 426 1720; x_wconf 79' lang='lat' dir='ltr'><strong>Fig·</strong></span> <span class='ocrx_word' id='word_1_80' title='bbox 446 1658 474 1701; x_wconf 88' lang='lat'><strong>1.</strong></span> <span class='ocrx_word' id='word_1_81' title='bbox 504 1635 675 1720; x_wconf 69' lang='lat' dir='ltr'><strong>‹dg-e.</strong></span> <span class='ocrx_word' id='word_1_82' title='bbox 698 1634 813 1722; x_wconf 81' lang='lat' dir='ltr'><strong>lr-f.</strong></span> <span class='ocrx_word' id='word_1_83' title='bbox 836 1637 882 1722; x_wconf 82' lang='lat' dir='ltr'><strong>i.)</strong></span> <span class='ocrx_word' id='word_1_84' title='bbox 909 1657 1045 1718; x_wconf 84' lang='lat' dir='ltr'><strong>ramos,</strong></span> <span class='ocrx_word' id='word_1_85' title='bbox 1069 1654 1217 1722; x_wconf 88' lang='lat' dir='ltr'><strong>quorum</strong></span> <span class='ocrx_word' id='word_1_86' title='bbox 1243 1631 1450 1718; x_wconf 74' lang='lat' dir='ltr'>posteriores</span> <span class='ocrx_word' id='word_1_87' title='bbox 1481 1635 1597 1715; x_wconf 89' lang='lat' dir='ltr'><strong>(Tab.</strong></span> <span class='ocrx_word' id='word_1_88' title='bbox 1615 1637 1648 1702; x_wconf 85' lang='lat'><strong>5.</strong></span> <span class='ocrx_word' id='word_1_89' title='bbox 1681 1635 1751 1722; x_wconf 82' lang='lat' dir='ltr'><strong>Fig.</strong></span> <span class='ocrx_word' id='word_1_90' title='bbox 1772 1661 1801 1704; x_wconf 86' lang='lat' dir='ltr'><strong>r.</strong></span> <span class='ocrx_word' id='word_1_91' title='bbox 1825 1638 1859 1703; x_wconf 86' lang='lat' dir='ltr'><strong>d.</strong></span> <span class='ocrx_word' id='word_1_92' title='bbox 1878 1637 1982 1724; x_wconf 58' lang='grc' dir='ltr'><strong>οφ)</strong></span> <span class='ocrx_word' id='word_1_93' title='bbox 2006 1655 2042 1706; x_wconf 83' lang='lat' dir='ltr'><strong>et</strong></span> 
     </span>
     <span class='ocr_line' id='line_1_9' title="bbox 354 1741 2041 1838; baseline 0.003 -26"><span class='ocrx_word' id='word_1_94' title='bbox 354 1745 526 1814; x_wconf 80' lang='lat' dir='ltr'><strong>breuiores</strong></span> <span class='ocrx_word' id='word_1_95' title='bbox 548 1742 592 1810; x_wconf 92' lang='lat' dir='ltr'><strong>ad</strong></span> <span class='ocrx_word' id='word_1_96' title='bbox 605 1745 773 1812; x_wconf 86' lang='lat' dir='ltr'><strong>musculos</strong></span> <span class='ocrx_word' id='word_1_97' title='bbox 792 1746 976 1815; x_wconf 76' lang='lat' dir='ltr'><strong>branchias</strong></span> <span class='ocrx_word' id='word_1_98' title='bbox 995 1761 1174 1814; x_wconf 84' lang='lat' dir='ltr'><strong>moventes</strong></span> <span class='ocrx_word' id='word_1_99' title='bbox 1195 1741 1366 1822; x_wconf 77' lang='lat' dir='ltr'><strong>tendunt3</strong></span> <span class='ocrx_word' id='word_1_100' title='bbox 1389 1741 1576 1810; x_wconf 86' lang='lat' dir='ltr'><strong>anteriores</strong></span> <span class='ocrx_word' id='word_1_101' title='bbox 1595 1743 1699 1828; x_wconf 87' lang='lat' dir='ltr'><strong>(Tab.</strong></span> <span class='ocrx_word' id='word_1_102' title='bbox 1713 1747 1747 1814; x_wconf 79' lang='lat'><strong>5.</strong></span> <span class='ocrx_word' id='word_1_103' title='bbox 1771 1747 1843 1832; x_wconf 84' lang='lat' dir='ltr'><strong>Fig.</strong></span> <span class='ocrx_word' id='word_1_104' title='bbox 1857 1766 1885 1812; x_wconf 89' lang='lat'><strong>1.</strong></span> <span class='ocrx_word' id='word_1_105' title='bbox 1900 1771 1938 1836; x_wconf 82' lang='lat' dir='ltr'><strong>g.</strong></span> <span class='ocrx_word' id='word_1_106' title='bbox 1951 1751 1987 1818; x_wconf 80' lang='lat' dir='ltr'><strong>d.</strong></span> <span class='ocrx_word' id='word_1_107' title='bbox 1999 1751 2041 1838; x_wconf 87' lang='grc' dir='ltr'><strong>ἰ.)</strong></span> 
     </span>
     <span class='ocr_line' id='line_1_10' title="bbox 352 1852 2037 1947; baseline -0.005 -24"><span class='ocrx_word' id='word_1_108' title='bbox 352 1855 523 1946; x_wconf 74' lang='lat' dir='ltr'><strong>longiores</strong></span> <span class='ocrx_word' id='word_1_109' title='bbox 541 1857 652 1939; x_wconf 82' lang='lat' dir='ltr'><strong>remi,</strong></span> <span class='ocrx_word' id='word_1_110' title='bbox 677 1856 810 1926; x_wconf 84' lang='lat' dir='ltr'><strong>canales</strong></span> <span class='ocrx_word' id='word_1_111' title='bbox 827 1857 1014 1925; x_wconf 85' lang='lat' dir='ltr'><strong>anteriores</strong></span> <span class='ocrx_word' id='word_1_112' title='bbox 1036 1855 1279 1924; x_wconf 88' lang='lat' dir='ltr'><strong>branchiarum</strong></span> <span class='ocrx_word' id='word_1_113' title='bbox 1294 1853 1446 1936; x_wconf 77' lang='lat' dir='ltr'><strong>intrant3</strong></span> <span class='ocrx_word' id='word_1_114' title='bbox 1480 1852 1627 1944; x_wconf 86' lang='lat' dir='ltr'><strong>quisque</strong></span> <span class='ocrx_word' id='word_1_115' title='bbox 1651 1853 1800 1947; x_wconf 90' lang='lat' dir='ltr'><strong>denique</strong></span> <span class='ocrx_word' id='word_1_116' title='bbox 1827 1857 1951 1924; x_wconf 83' lang='lat' dir='ltr'><strong>horum</strong></span> <span class='ocrx_word' id='word_1_117' title='bbox 1978 1885 2037 1927; x_wconf 67' lang='grc' dir='ltr'><strong>ῃ.</strong></span> 
     </span>
     <span class='ocr_line' id='line_1_11' title="bbox 353 1964 2043 2058; baseline 0.001 -22"><span class='ocrx_word' id='word_1_118' title='bbox 353 1991 488 2036; x_wconf 90' lang='lat' dir='ltr'><strong>morum</strong></span> <span class='ocrx_word' id='word_1_119' title='bbox 518 1988 591 2034; x_wconf 87' lang='lat' dir='ltr'><strong>sese</strong></span> <span class='ocrx_word' id='word_1_120' title='bbox 626 1966 751 2033; x_wconf 90' lang='lat' dir='ltr'><strong>dividit</strong></span> <span class='ocrx_word' id='word_1_121' title='bbox 780 1969 818 2034; x_wconf 92' lang='lat' dir='ltr'><strong>in</strong></span> <span class='ocrx_word' id='word_1_122' title='bbox 844 1965 928 2034; x_wconf 91' lang='lat' dir='ltr'><strong>duos</strong></span> <span class='ocrx_word' id='word_1_123' title='bbox 956 1965 1125 2054; x_wconf 60' lang='lat' dir='ltr'><strong>(Tabe.</strong></span> <span class='ocrx_word' id='word_1_124' title='bbox 1162 1965 1287 2050; x_wconf 57' lang='lat' dir='ltr'><strong>riga.</strong></span> <span class='ocrx_word' id='word_1_125' title='bbox 1309 1965 1342 2032; x_wconf 85' lang='lat' dir='ltr'><strong>d.</strong></span> <span class='ocrx_word' id='word_1_126' title='bbox 1363 1964 1420 2052; x_wconf 87' lang='lat' dir='ltr'><strong>c.)</strong></span> <span class='ocrx_word' id='word_1_127' title='bbox 1459 1986 1590 2043; x_wconf 82' lang='lat' dir='ltr'><strong>ramos,</strong></span> <span class='ocrx_word' id='word_1_128' title='bbox 1626 1969 1687 2056; x_wconf 88' lang='lat' dir='ltr'><strong>qui</strong></span> <span class='ocrx_word' id='word_1_129' title='bbox 1717 1990 1825 2058; x_wconf 87' lang='lat' dir='ltr'><strong>usque</strong></span> <span class='ocrx_word' id='word_1_130' title='bbox 1855 1967 1899 2034; x_wconf 91' lang='lat' dir='ltr'><strong>ad</strong></span> <span class='ocrx_word' id='word_1_131' title='bbox 1938 1969 2043 2038; x_wconf 87' lang='lat' dir='ltr'><strong>finem</strong></span> 
     </span>
     <span class='ocr_line' id='line_1_12' title="bbox 354 2073 2042 2170; baseline -0.001 -21"><span class='ocrx_word' id='word_1_132' title='bbox 354 2077 540 2150; x_wconf 80' lang='lat' dir='ltr'><strong>branchiae</strong></span> <span class='ocrx_word' id='word_1_133' title='bbox 562 2094 784 2166; x_wconf 86' lang='lat' dir='ltr'><strong>procurrunt.</strong></span> <span class='ocrx_word' id='word_1_134' title='bbox 833 2079 993 2145; x_wconf 83' lang='lat' dir='ltr'><strong>Truncus</strong></span> <span class='ocrx_word' id='word_1_135' title='bbox 1014 2075 1133 2156; x_wconf 87' lang='lat' dir='ltr'><strong>(Tab.</strong></span> <span class='ocrx_word' id='word_1_136' title='bbox 1153 2079 1184 2147; x_wconf 82' lang='lat'><strong>5.</strong></span> <span class='ocrx_word' id='word_1_137' title='bbox 1207 2075 1281 2160; x_wconf 80' lang='lat' dir='ltr'><strong>Fig.</strong></span> <span class='ocrx_word' id='word_1_138' title='bbox 1306 2097 1334 2141; x_wconf 84' lang='lat' dir='ltr'><strong>r.</strong></span> <span class='ocrx_word' id='word_1_139' title='bbox 1357 2073 1417 2154; x_wconf 78' lang='lat' dir='ltr'><strong>c.)</strong></span> <span class='ocrx_word' id='word_1_140' title='bbox 1438 2073 1512 2164; x_wconf 88' lang='lat' dir='ltr'><strong>ipse</strong></span> <span class='ocrx_word' id='word_1_141' title='bbox 1533 2076 1632 2144; x_wconf 84' lang='lat' dir='ltr'><strong>nervi</strong></span> <span class='ocrx_word' id='word_1_142' title='bbox 1650 2079 1725 2164; x_wconf 78' lang='lat' dir='ltr'><strong>vagi</strong></span> <span class='ocrx_word' id='word_1_143' title='bbox 1746 2100 1824 2144; x_wconf 86' lang='lat' dir='ltr'><strong>cum</strong></span> <span class='ocrx_word' id='word_1_144' title='bbox 1852 2079 2042 2170; x_wconf 76' lang='lat' dir='ltr'><strong>diaphrag-</strong></span> 
     </span>
     <span class='ocr_line' id='line_1_13' title="bbox 357 2179 2043 2278; baseline 0.001 -20"><span class='ocrx_word' id='word_1_145' title='bbox 357 2205 446 2258; x_wconf 89' lang='lat' dir='ltr'><strong>mate</strong></span> <span class='ocrx_word' id='word_1_146' title='bbox 464 2186 532 2254; x_wconf 91' lang='lat' dir='ltr'><strong>tela</strong></span> <span class='ocrx_word' id='word_1_147' title='bbox 553 2187 711 2257; x_wconf 86' lang='lat' dir='ltr'><strong>cellulosa</strong></span> <span class='ocrx_word' id='word_1_148' title='bbox 727 2189 956 2272; x_wconf 82' lang='lat' dir='ltr'><strong>conjunctus,</strong></span> <span class='ocrx_word' id='word_1_149' title='bbox 976 2189 1084 2254; x_wconf 82' lang='lat' dir='ltr'><strong>intrat</strong></span> <span class='ocrx_word' id='word_1_150' title='bbox 1108 2184 1288 2252; x_wconf 84' lang='lat' dir='ltr'><strong>cavitatem</strong></span> <span class='ocrx_word' id='word_1_151' title='bbox 1309 2179 1519 2260; x_wconf 87' lang='lat' dir='ltr'><strong>abdominis,</strong></span> <span class='ocrx_word' id='word_1_152' title='bbox 1544 2205 1726 2278; x_wconf 83' lang='lat' dir='ltr'><strong>postquam</strong></span> <span class='ocrx_word' id='word_1_153' title='bbox 1741 2213 1872 2256; x_wconf 84' lang='lat' dir='ltr'><strong>ramum</strong></span> <span class='ocrx_word' id='word_1_154' title='bbox 1895 2191 1997 2278; x_wconf 87' lang='lat' dir='ltr'><strong>(Tab.</strong></span> <span class='ocrx_word' id='word_1_155' title='bbox 2011 2199 2043 2264; x_wconf 85' lang='lat'><strong>5.</strong></span> 
     </span>
     <span class='ocr_line' id='line_1_14' title="bbox 356 2292 2043 2392; baseline 0 -28"><span class='ocrx_word' id='word_1_156' title='bbox 356 2305 431 2389; x_wconf 60' lang='grc' dir='ltr'><strong>Εἰς.</strong></span> <span class='ocrx_word' id='word_1_157' title='bbox 452 2323 482 2376; x_wconf 82' lang='grc' dir='ltr'><strong>ι,</strong></span> <span class='ocrx_word' id='word_1_158' title='bbox 507 2299 564 2384; x_wconf 76' lang='lat' dir='ltr'><strong>k.)</strong></span> <span class='ocrx_word' id='word_1_159' title='bbox 583 2298 714 2383; x_wconf 86' lang='lat' dir='ltr'><strong>edidit,</strong></span> <span class='ocrx_word' id='word_1_160' title='bbox 742 2299 804 2388; x_wconf 89' lang='lat' dir='ltr'><strong>qui</strong></span> <span class='ocrx_word' id='word_1_161' title='bbox 835 2319 906 2364; x_wconf 85' lang='lat' dir='ltr'><strong>sese</strong></span> <span class='ocrx_word' id='word_1_162' title='bbox 927 2299 965 2362; x_wconf 91' lang='lat' dir='ltr'><strong>in</strong></span> <span class='ocrx_word' id='word_1_163' title='bbox 987 2294 1245 2384; x_wconf 82' lang='lat' dir='ltr'><strong>diaphragmate</strong></span> <span class='ocrx_word' id='word_1_164' title='bbox 1270 2292 1348 2380; x_wconf 88' lang='lat' dir='ltr'><strong>ipso</strong></span> <span class='ocrx_word' id='word_1_165' title='bbox 1368 2293 1565 2366; x_wconf 77' lang='lat' dir='ltr'><strong>distribuite</strong></span> <span class='ocrx_word' id='word_1_166' title='bbox 1600 2313 1741 2364; x_wconf 88' lang='lat' dir='ltr'><strong>truncus</strong></span> <span class='ocrx_word' id='word_1_167' title='bbox 1773 2301 1846 2386; x_wconf 89' lang='lat' dir='ltr'><strong>ipse</strong></span> <span class='ocrx_word' id='word_1_168' title='bbox 1879 2300 1917 2364; x_wconf 91' lang='lat' dir='ltr'><strong>in</strong></span> <span class='ocrx_word' id='word_1_169' title='bbox 1945 2318 2043 2392; x_wconf 81' lang='lat' dir='ltr'><strong>parre</strong></span> 
     </span>
     <span class='ocr_line' id='line_1_15' title="bbox 357 2401 2044 2500; baseline -0.001 -22"><span class='ocrx_word' id='word_1_170' title='bbox 357 2409 529 2478; x_wconf 88' lang='lat' dir='ltr'><strong>anteriore</strong></span> <span class='ocrx_word' id='word_1_171' title='bbox 556 2405 750 2474; x_wconf 81' lang='lat' dir='ltr'><strong>abdominis</strong></span> <span class='ocrx_word' id='word_1_172' title='bbox 774 2428 879 2500; x_wconf 86' lang='lat' dir='ltr'><strong>supra</strong></span> <span class='ocrx_word' id='word_1_173' title='bbox 901 2411 1046 2479; x_wconf 75' lang='lat' dir='ltr'><strong>vesicam</strong></span> <span class='ocrx_word' id='word_1_174' title='bbox 1072 2402 1185 2492; x_wconf 89' lang='lat' dir='ltr'><strong>(Tab.</strong></span> <span class='ocrx_word' id='word_1_175' title='bbox 1207 2406 1236 2471; x_wconf 85' lang='lat'><strong>5.</strong></span> <span class='ocrx_word' id='word_1_176' title='bbox 1263 2401 1335 2489; x_wconf 81' lang='lat' dir='ltr'><strong>Fig.</strong></span> <span class='ocrx_word' id='word_1_177' title='bbox 1355 2425 1386 2474; x_wconf 79' lang='lat' dir='ltr'><strong>r.</strong></span> <span class='ocrx_word' id='word_1_178' title='bbox 1413 2407 1463 2491; x_wconf 84' lang='lat' dir='ltr'><strong>l.)</strong></span> <span class='ocrx_word' id='word_1_179' title='bbox 1492 2409 1695 2472; x_wconf 75' lang='lat' dir='ltr'><strong>natatoriam</strong></span> <span class='ocrx_word' id='word_1_180' title='bbox 1724 2412 1813 2492; x_wconf 88' lang='lat' dir='ltr'><strong>jacet</strong></span> <span class='ocrx_word' id='word_1_181' title='bbox 1846 2420 1881 2471; x_wconf 87' lang='lat' dir='ltr'><strong>et</strong></span> <span class='ocrx_word' id='word_1_182' title='bbox 1909 2429 2044 2477; x_wconf 90' lang='lat' dir='ltr'><strong>ramum</strong></span> 
     </span>
     <span class='ocr_line' id='line_1_16' title="bbox 355 2513 2042 2611; baseline -0.009 -20"><span class='ocrx_word' id='word_1_183' title='bbox 355 2521 450 2605; x_wconf 81' lang='lat' dir='ltr'><strong>edit,</strong></span> <span class='ocrx_word' id='word_1_184' title='bbox 474 2519 536 2611; x_wconf 91' lang='lat' dir='ltr'><strong>qui</strong></span> <span class='ocrx_word' id='word_1_185' title='bbox 556 2519 593 2584; x_wconf 91' lang='lat' dir='ltr'><strong>in</strong></span> <span class='ocrx_word' id='word_1_186' title='bbox 612 2517 680 2586; x_wconf 89' lang='lat' dir='ltr'><strong>hoo</strong></span> <span class='ocrx_word' id='word_1_187' title='bbox 706 2540 834 2604; x_wconf 81' lang='lat' dir='ltr'><strong>organo</strong></span> <span class='ocrx_word' id='word_1_188' title='bbox 860 2514 976 2583; x_wconf 90' lang='lat' dir='ltr'><strong>multis</strong></span> <span class='ocrx_word' id='word_1_189' title='bbox 998 2513 1136 2582; x_wconf 87' lang='lat' dir='ltr'><strong>ramulis</strong></span> <span class='ocrx_word' id='word_1_190' title='bbox 1162 2513 1301 2580; x_wconf 83' lang='lat' dir='ltr'><strong>desinit.</strong></span> <span class='ocrx_word' id='word_1_191' title='bbox 1346 2514 1455 2580; x_wconf 90' lang='lat' dir='ltr'><strong>Porro</strong></span> <span class='ocrx_word' id='word_1_192' title='bbox 1481 2531 1624 2581; x_wconf 85' lang='lat' dir='ltr'><strong>truncus</strong></span> <span class='ocrx_word' id='word_1_193' title='bbox 1650 2515 1693 2582; x_wconf 90' lang='lat' dir='ltr'><strong>ad</strong></span> <span class='ocrx_word' id='word_1_194' title='bbox 1725 2517 1953 2606; x_wconf 86' lang='lat' dir='ltr'><strong>oesophagum</strong></span> <span class='ocrx_word' id='word_1_195' title='bbox 1976 2522 2042 2590; x_wconf 70' lang='lat' dir='ltr'><strong>de.</strong></span> 
     </span>
     <span class='ocr_line' id='line_1_17' title="bbox 355 2621 1537 2716; baseline -0.007 -16"><span class='ocrx_word' id='word_1_196' title='bbox 355 2632 491 2701; x_wconf 90' lang='lat' dir='ltr'><strong>scendit</strong></span> <span class='ocrx_word' id='word_1_197' title='bbox 506 2646 542 2698; x_wconf 84' lang='lat' dir='ltr'><strong>et</strong></span> <span class='ocrx_word' id='word_1_198' title='bbox 564 2625 679 2694; x_wconf 87' lang='lat' dir='ltr'><strong>multia</strong></span> <span class='ocrx_word' id='word_1_199' title='bbox 706 2629 807 2694; x_wconf 88' lang='lat' dir='ltr'><strong>ramis</strong></span> <span class='ocrx_word' id='word_1_200' title='bbox 822 2629 860 2696; x_wconf 90' lang='lat' dir='ltr'><strong>iu</strong></span> <span class='ocrx_word' id='word_1_201' title='bbox 884 2640 983 2716; x_wconf 90' lang='lat' dir='ltr'><strong>parte</strong></span> <span class='ocrx_word' id='word_1_202' title='bbox 1006 2624 1170 2692; x_wconf 86' lang='lat' dir='ltr'><strong>anteriori</strong></span> <span class='ocrx_word' id='word_1_203' title='bbox 1194 2621 1378 2691; x_wconf 83' lang='lat' dir='ltr'><strong>ventriculi</strong></span> <span class='ocrx_word' id='word_1_204' title='bbox 1398 2623 1537 2692; x_wconf 83' lang='lat' dir='ltr'><strong>desinit.</strong></span> 
     </span>
    </p>

    <p class='ocr_par' dir='ltr' id='par_1_4' title="bbox 351 2731 2045 3600">
     <span class='ocr_line' id='line_1_18' title="bbox 396 2731 2041 2830; baseline 0.002 -22"><span class='ocrx_word' id='word_1_205' title='bbox 396 2743 509 2810; x_wconf 86' lang='lat' dir='ltr'><strong>Etiam</strong></span> <span class='ocrx_word' id='word_1_206' title='bbox 527 2738 600 2808; x_wconf 87' lang='lat' dir='ltr'><strong>edit</strong></span> <span class='ocrx_word' id='word_1_207' title='bbox 613 2760 721 2803; x_wconf 90' lang='lat' dir='ltr'><strong>unum</strong></span> <span class='ocrx_word' id='word_1_208' title='bbox 739 2759 871 2802; x_wconf 85' lang='lat' dir='ltr'><strong>ramum</strong></span> <span class='ocrx_word' id='word_1_209' title='bbox 892 2736 1002 2818; x_wconf 83' lang='lat' dir='ltr'><strong>(Tab.</strong></span> <span class='ocrx_word' id='word_1_210' title='bbox 1016 2737 1049 2806; x_wconf 77' lang='lat'><strong>5.</strong></span> <span class='ocrx_word' id='word_1_211' title='bbox 1077 2735 1149 2821; x_wconf 84' lang='lat' dir='ltr'><strong>Fig.</strong></span> <span class='ocrx_word' id='word_1_212' title='bbox 1170 2757 1200 2801; x_wconf 84' lang='lat' dir='ltr'><strong>r·</strong></span> <span class='ocrx_word' id='word_1_213' title='bbox 1223 2733 1294 2820; x_wconf 88' lang='lat' dir='ltr'><strong>m.)</strong></span> <span class='ocrx_word' id='word_1_214' title='bbox 1318 2731 1470 2803; x_wconf 86' lang='lat' dir='ltr'><strong>validum</strong></span> <span class='ocrx_word' id='word_1_215' title='bbox 1495 2751 1531 2804; x_wconf 87' lang='lat' dir='ltr'><strong>et</strong></span> <span class='ocrx_word' id='word_1_216' title='bbox 1558 2735 1851 2806; x_wconf 79' lang='lat' dir='ltr'><strong>animadversione</strong></span> <span class='ocrx_word' id='word_1_217' title='bbox 1877 2741 2041 2830; x_wconf 79' lang='lat' dir='ltr'><strong>dignume</strong></span> 
     </span>
     <span class='ocr_line' id='line_1_19' title="bbox 354 2844 2041 2945; baseline -0.002 -21"><span class='ocrx_word' id='word_1_218' title='bbox 354 2855 412 2924; x_wconf 90' lang='lat' dir='ltr'><strong>hic</strong></span> <span class='ocrx_word' id='word_1_219' title='bbox 433 2875 546 2920; x_wconf 86' lang='lat' dir='ltr'><strong>ramus</strong></span> <span class='ocrx_word' id='word_1_220' title='bbox 568 2851 682 2916; x_wconf 87' lang='lat' dir='ltr'><strong>atatim</strong></span> <span class='ocrx_word' id='word_1_221' title='bbox 708 2844 877 2935; x_wconf 80' lang='lat' dir='ltr'><strong>aganglio</strong></span> <span class='ocrx_word' id='word_1_222' title='bbox 906 2846 1015 2913; x_wconf 88' lang='lat' dir='ltr'><strong>oritur</strong></span> <span class='ocrx_word' id='word_1_223' title='bbox 1035 2861 1070 2914; x_wconf 89' lang='lat' dir='ltr'><strong>et</strong></span> <span class='ocrx_word' id='word_1_224' title='bbox 1091 2844 1280 2936; x_wconf 86' lang='lat' dir='ltr'><strong>posteriora</strong></span> <span class='ocrx_word' id='word_1_225' title='bbox 1306 2865 1421 2911; x_wconf 80' lang='lat' dir='ltr'><strong>versus</strong></span> <span class='ocrx_word' id='word_1_226' title='bbox 1455 2845 1637 2914; x_wconf 85' lang='lat' dir='ltr'><strong>decursum</strong></span> <span class='ocrx_word' id='word_1_227' title='bbox 1658 2845 1763 2913; x_wconf 86' lang='lat' dir='ltr'><strong>habet</strong></span> <span class='ocrx_word' id='word_1_228' title='bbox 1778 2877 1790 2934; x_wconf 81' lang='lat'>3</span> <span class='ocrx_word' id='word_1_229' title='bbox 1823 2873 1925 2945; x_wconf 83' lang='lat' dir='ltr'><strong>supra</strong></span> <span class='ocrx_word' id='word_1_230' title='bbox 1943 2877 2041 2924; x_wconf 87' lang='lat' dir='ltr'><strong>mua-</strong></span> 
     </span>
     <span class='ocr_line' id='line_1_20' title="bbox 351 2951 2045 3048; baseline -0.002 -13"><span class='ocrx_word' id='word_1_231' title='bbox 351 2967 450 3036; x_wconf 85' lang='lat' dir='ltr'><strong>culos</strong></span> <span class='ocrx_word' id='word_1_232' title='bbox 469 2977 584 3034; x_wconf 78' lang='lat' dir='ltr'><strong>maner</strong></span> <span class='ocrx_word' id='word_1_233' title='bbox 600 2955 825 3047; x_wconf 81' lang='lat' dir='ltr'><strong>superficialis</strong></span> <span class='ocrx_word' id='word_1_234' title='bbox 850 2979 959 3048; x_wconf 89' lang='lat' dir='ltr'><strong>usque</strong></span> <span class='ocrx_word' id='word_1_235' title='bbox 978 2954 1022 3023; x_wconf 91' lang='lat' dir='ltr'><strong>ad</strong></span> <span class='ocrx_word' id='word_1_236' title='bbox 1044 2976 1082 3024; x_wconf 89' lang='lat' dir='ltr'><strong>os</strong></span> <span class='ocrx_word' id='word_1_237' title='bbox 1102 2953 1260 3044; x_wconf 83' lang='lat' dir='ltr'><strong>scapulae</strong></span> <span class='ocrx_word' id='word_1_238' title='bbox 1277 2969 1313 3022; x_wconf 78' lang='lat' dir='ltr'><strong>er</strong></span> <span class='ocrx_word' id='word_1_239' title='bbox 1330 2953 1398 3022; x_wconf 91' lang='lat' dir='ltr'><strong>hoc</strong></span> <span class='ocrx_word' id='word_1_240' title='bbox 1421 2951 1498 3026; x_wconf 84' lang='lat' dir='ltr'><strong>loco</strong></span> <span class='ocrx_word' id='word_1_241' title='bbox 1522 2954 1629 3024; x_wconf 89' lang='lat' dir='ltr'><strong>intrat</strong></span> <span class='ocrx_word' id='word_1_242' title='bbox 1649 2979 1792 3028; x_wconf 79' lang='lat' dir='ltr'><strong>massam</strong></span> <span class='ocrx_word' id='word_1_243' title='bbox 1813 2962 2045 3034; x_wconf 83' lang='lat' dir='ltr'><strong>musculorum</strong></span> 
     </span>
     <span class='ocr_line' id='line_1_21' title="bbox 356 3065 2042 3160; baseline -0.005 -12"><span class='ocrx_word' id='word_1_244' title='bbox 356 3075 549 3148; x_wconf 85' lang='lat' dir='ltr'><strong>lateralium</strong></span> <span class='ocrx_word' id='word_1_245' title='bbox 576 3088 612 3141; x_wconf 90' lang='lat' dir='ltr'><strong>et</strong></span> <span class='ocrx_word' id='word_1_246' title='bbox 638 3069 686 3142; x_wconf 85' lang='lat' dir='ltr'><strong>sic</strong></span> <span class='ocrx_word' id='word_1_247' title='bbox 712 3069 750 3136; x_wconf 90' lang='lat' dir='ltr'><strong>in</strong></span> <span class='ocrx_word' id='word_1_248' title='bbox 772 3069 900 3137; x_wconf 87' lang='lat' dir='ltr'><strong>lineam</strong></span> <span class='ocrx_word' id='word_1_249' title='bbox 926 3065 1000 3136; x_wconf 84' lang='lat' dir='ltr'><strong>lere</strong></span> <span class='ocrx_word' id='word_1_250' title='bbox 1022 3083 1154 3137; x_wconf 87' lang='lat' dir='ltr'><strong>rectam</strong></span> <span class='ocrx_word' id='word_1_251' title='bbox 1180 3091 1290 3160; x_wconf 89' lang='lat' dir='ltr'><strong>nsque</strong></span> <span class='ocrx_word' id='word_1_252' title='bbox 1321 3066 1364 3132; x_wconf 89' lang='lat' dir='ltr'><strong>ad</strong></span> <span class='ocrx_word' id='word_1_253' title='bbox 1392 3065 1533 3135; x_wconf 85' lang='lat' dir='ltr'><strong>caudam</strong></span> <span class='ocrx_word' id='word_1_254' title='bbox 1561 3069 1759 3158; x_wconf 79' lang='lat' dir='ltr'><strong>procurrit,</strong></span> <span class='ocrx_word' id='word_1_255' title='bbox 1790 3073 1853 3138; x_wconf 87' lang='lat' dir='ltr'><strong>sub</strong></span> <span class='ocrx_word' id='word_1_256' title='bbox 1885 3069 1977 3138; x_wconf 90' lang='lat' dir='ltr'><strong>linea</strong></span> <span class='ocrx_word' id='word_1_257' title='bbox 2004 3075 2042 3140; x_wconf 92' lang='lat' dir='ltr'><strong>in</strong></span> 
     </span>
     <span class='ocr_line' id='line_1_22' title="bbox 356 3175 2042 3276; baseline -0.008 -14"><span class='ocrx_word' id='word_1_258' title='bbox 356 3193 463 3262; x_wconf 89' lang='lat' dir='ltr'><strong>latere</strong></span> <span class='ocrx_word' id='word_1_259' title='bbox 485 3185 693 3276; x_wconf 83' lang='lat' dir='ltr'><strong>conspicua,</strong></span> <span class='ocrx_word' id='word_1_260' title='bbox 722 3182 778 3250; x_wconf 89' lang='lat' dir='ltr'><strong>eui</strong></span> <span class='ocrx_word' id='word_1_261' title='bbox 799 3202 926 3247; x_wconf 90' lang='lat' dir='ltr'><strong>nomen</strong></span> <span class='ocrx_word' id='word_1_262' title='bbox 957 3177 1076 3244; x_wconf 86' lang='lat' dir='ltr'><strong>datum</strong></span> <span class='ocrx_word' id='word_1_263' title='bbox 1095 3193 1147 3245; x_wconf 85' lang='lat' dir='ltr'><strong>est</strong></span> <span class='ocrx_word' id='word_1_264' title='bbox 1164 3175 1274 3244; x_wconf 90' lang='lat' dir='ltr'><strong>lineae</strong></span> <span class='ocrx_word' id='word_1_265' title='bbox 1287 3175 1451 3252; x_wconf 82' lang='lat' dir='ltr'><strong>lateralia.</strong></span> <span class='ocrx_word' id='word_1_266' title='bbox 1495 3179 1730 3251; x_wconf 81' lang='lat' dir='ltr'><strong>Cuvieriua</strong></span> <span class='ocrx_word' id='word_1_267' title='bbox 1749 3179 1836 3246; x_wconf 84' lang='lat' dir='ltr'><strong>dicit</strong></span> <span class='ocrx_word' id='word_1_268' title='bbox 1853 3181 1890 3244; x_wconf 92' lang='lat' dir='ltr'><strong>in</strong></span> <span class='ocrx_word' id='word_1_269' title='bbox 1909 3179 2042 3270; x_wconf 83' lang='lat' dir='ltr'><strong>pleris-</strong></span> 
     </span>
     <span class='ocr_line' id='line_1_23' title="bbox 357 3282 2041 3390; baseline -0.002 -25"><span class='ocrx_word' id='word_1_270' title='bbox 357 3321 425 3390; x_wconf 90' lang='lat' dir='ltr'><strong>que</strong></span> <span class='ocrx_word' id='word_1_271' title='bbox 450 3293 603 3384; x_wconf 82' lang='lat' dir='ltr'><strong>piscibus</strong></span> <span class='ocrx_word' id='word_1_272' title='bbox 625 3290 788 3376; x_wconf 75' lang='lat' dir='ltr'><strong>conjungi</strong></span> <span class='ocrx_word' id='word_1_273' title='bbox 803 3307 883 3352; x_wconf 91' lang='lat' dir='ltr'><strong>cum</strong></span> <span class='ocrx_word' id='word_1_274' title='bbox 906 3285 1020 3354; x_wconf 82' lang='lat' dir='ltr'><strong>nervia</strong></span> <span class='ocrx_word' id='word_1_275' title='bbox 1039 3282 1251 3372; x_wconf 80' lang='lat' dir='ltr'><strong>spiralibua3</strong></span> <span class='ocrx_word' id='word_1_276' title='bbox 1275 3285 1390 3354; x_wconf 87' lang='lat' dir='ltr'><strong>sedin</strong></span> <span class='ocrx_word' id='word_1_277' title='bbox 1414 3289 1521 3355; x_wconf 87' lang='lat' dir='ltr'><strong>Esoce</strong></span> <span class='ocrx_word' id='word_1_278' title='bbox 1540 3289 1648 3356; x_wconf 84' lang='lat' dir='ltr'><strong>nullas</strong></span> <span class='ocrx_word' id='word_1_279' title='bbox 1669 3289 1741 3357; x_wconf 83' lang='lat' dir='ltr'><strong>uidi</strong></span> <span class='ocrx_word' id='word_1_280' title='bbox 1768 3293 2041 3376; x_wconf 79' lang='lat' dir='ltr'><strong>conjunctiones.</strong></span> 
     </span>
     <span class='ocr_line' id='line_1_24' title="bbox 355 3393 2040 3492; baseline 0 -16"><span class='ocrx_word' id='word_1_281' title='bbox 355 3409 429 3476; x_wconf 83' lang='lat' dir='ltr'><strong>Nec</strong></span> <span class='ocrx_word' id='word_1_282' title='bbox 447 3403 549 3471; x_wconf 88' lang='lat' dir='ltr'><strong>etiem</strong></span> <span class='ocrx_word' id='word_1_283' title='bbox 572 3399 726 3468; x_wconf 83' lang='lat' dir='ltr'><strong>invenire</strong></span> <span class='ocrx_word' id='word_1_284' title='bbox 746 3395 844 3464; x_wconf 86' lang='lat' dir='ltr'><strong>licuit</strong></span> <span class='ocrx_word' id='word_1_285' title='bbox 865 3417 1000 3464; x_wconf 83' lang='lat' dir='ltr'><strong>ramum</strong></span> <span class='ocrx_word' id='word_1_286' title='bbox 1019 3393 1136 3484; x_wconf 87' lang='lat' dir='ltr'><strong>quinti</strong></span> <span class='ocrx_word' id='word_1_287' title='bbox 1160 3395 1276 3492; x_wconf 81' lang='lat' dir='ltr'><strong>paris,</strong></span> <span class='ocrx_word' id='word_1_288' title='bbox 1299 3419 1400 3486; x_wconf 89' lang='lat' dir='ltr'><strong>quem</strong></span> <span class='ocrx_word' id='word_1_289' title='bbox 1421 3399 1522 3468; x_wconf 89' lang='lat' dir='ltr'><strong>etiam</strong></span> <span class='ocrx_word' id='word_1_290' title='bbox 1544 3397 1698 3470; x_wconf 87' lang='lat' dir='ltr'><strong>adhunc</strong></span> <span class='ocrx_word' id='word_1_291' title='bbox 1717 3423 1860 3474; x_wconf 78' lang='lat' dir='ltr'><strong>nervum</strong></span> <span class='ocrx_word' id='word_1_292' title='bbox 1881 3405 2040 3476; x_wconf 81' lang='lat' dir='ltr'><strong>conferre</strong></span> 
     </span>
     <span class='ocr_line' id='line_1_25' title="bbox 356 3503 891 3600; baseline -0.015 -14"><span class='ocrx_word' id='word_1_293' title='bbox 356 3535 391 3586; x_wconf 84' lang='lat' dir='ltr'><strong>er</strong></span> <span class='ocrx_word' id='word_1_294' title='bbox 408 3518 440 3584; x_wconf 92' lang='lat' dir='ltr'><strong>ei</strong></span> <span class='ocrx_word' id='word_1_295' title='bbox 457 3515 682 3600; x_wconf 79' lang='lat' dir='ltr'><strong>coniunctum</strong></span> <span class='ocrx_word' id='word_1_296' title='bbox 704 3529 775 3576; x_wconf 90' lang='lat' dir='ltr'><strong>esse</strong></span> <span class='ocrx_word' id='word_1_297' title='bbox 794 3503 891 3578; x_wconf 82' lang='lat' dir='ltr'><strong>dicit·</strong></span> 
     </span>
    </p>
   </div>
   <div class='ocr_carea' id='block_1_4' title="bbox 892 3657 1482 3944">
    <p class='ocr_par' dir='ltr' id='par_1_5' title="bbox 892 3657 1482 3944">
     <span class='ocr_line' id='line_1_26' title="bbox 1137 3657 1250 3744; baseline 0.027 -3"><span class='ocrx_word' id='word_1_298' title='bbox 1137 3657 1172 3741; x_wconf 80' lang='lat' dir='ltr'><strong>t·</strong></span> <span class='ocrx_word' id='word_1_299' title='bbox 1216 3677 1250 3744; x_wconf 83' lang='lat' dir='ltr'><strong>a·</strong></span> 
     </span>
     <span class='ocr_line' id='line_1_27' title="bbox 892 3837 1482 3944; baseline 0.007 -32"><span class='ocrx_word' id='word_1_300' title='bbox 892 3839 955 3913; x_wconf 90' lang='lat' dir='ltr'><strong>De</strong></span> <span class='ocrx_word' id='word_1_301' title='bbox 989 3837 1164 3917; x_wconf 83' lang='lat' dir='ltr'><strong>Nervis</strong></span> <span class='ocrx_word' id='word_1_302' title='bbox 1198 3841 1482 3944; x_wconf 87' lang='lat' dir='ltr'><strong>Spinulihus.</strong></span> 
     </span>
    </p>
   </div>
   <div class='ocr_carea' id='block_1_5' title="bbox 350 4025 2036 4676">
    <p class='ocr_par' dir='ltr' id='par_1_6' title="bbox 350 4025 2036 4572">
     <span class='ocr_line' id='line_1_28' title="bbox 395 4025 2035 4128; baseline -0.001 -18"><span class='ocrx_word' id='word_1_303' title='bbox 395 4043 478 4112; x_wconf 81' lang='lat' dir='ltr'><strong>Post</strong></span> <span class='ocrx_word' id='word_1_304' title='bbox 493 4057 637 4108; x_wconf 74' lang='lat' dir='ltr'><strong>nervum</strong></span> <span class='ocrx_word' id='word_1_305' title='bbox 659 4054 804 4119; x_wconf 82' lang='lat' dir='ltr'><strong>vagum,</strong></span> <span class='ocrx_word' id='word_1_306' title='bbox 825 4031 863 4098; x_wconf 92' lang='lat' dir='ltr'><strong>in</strong></span> <span class='ocrx_word' id='word_1_307' title='bbox 887 4025 1030 4100; x_wconf 78' lang='lat' dir='ltr'><strong>caviute</strong></span> <span class='ocrx_word' id='word_1_308' title='bbox 1053 4031 1163 4100; x_wconf 87' lang='lat' dir='ltr'><strong>cranii</strong></span> <span class='ocrx_word' id='word_1_309' title='bbox 1182 4031 1271 4104; x_wconf 87' lang='lat' dir='ltr'><strong>nulli</strong></span> <span class='ocrx_word' id='word_1_310' title='bbox 1298 4057 1437 4126; x_wconf 88' lang='lat' dir='ltr'><strong>prorsus</strong></span> <span class='ocrx_word' id='word_1_311' title='bbox 1458 4035 1663 4104; x_wconf 90' lang='lat' dir='ltr'><strong>emittuntur</strong></span> <span class='ocrx_word' id='word_1_312' title='bbox 1684 4036 1793 4104; x_wconf 77' lang='lat' dir='ltr'><strong>nervi.</strong></span> <span class='ocrx_word' id='word_1_313' title='bbox 1839 4037 2035 4128; x_wconf 79' lang='lat' dir='ltr'><strong>Hypoglos·</strong></span> 
     </span>
     <span class='ocr_line' id='line_1_29' title="bbox 354 4139 2034 4244; baseline -0.008 -14"><span class='ocrx_word' id='word_1_314' title='bbox 354 4181 409 4230; x_wconf 84' lang='lat' dir='ltr'><strong>sus</strong></span> <span class='ocrx_word' id='word_1_315' title='bbox 425 4155 476 4244; x_wconf 88' lang='grc' dir='ltr'><strong>(ι)</strong></span> <span class='ocrx_word' id='word_1_316' title='bbox 494 4169 530 4222; x_wconf 78' lang='lat' dir='ltr'><strong>et</strong></span> <span class='ocrx_word' id='word_1_317' title='bbox 550 4147 755 4218; x_wconf 63' lang='lat' dir='ltr'><strong>accessorius</strong></span> <span class='ocrx_word' id='word_1_318' title='bbox 778 4141 983 4217; x_wconf 85' lang='lat' dir='ltr'><strong>Williaii</strong></span> <span class='ocrx_word' id='word_1_319' title='bbox 1002 4161 1074 4210; x_wconf 90' lang='lat' dir='ltr'><strong>non</strong></span> <span class='ocrx_word' id='word_1_320' title='bbox 1092 4139 1241 4230; x_wconf 84' lang='lat' dir='ltr'><strong>adsunt;</strong></span> <span class='ocrx_word' id='word_1_321' title='bbox 1268 4163 1380 4215; x_wconf 88' lang='lat' dir='ltr'><strong>tumen</strong></span> <span class='ocrx_word' id='word_1_322' title='bbox 1395 4146 1577 4228; x_wconf 83' lang='lat' dir='ltr'><strong>Weber,</strong></span> <span class='ocrx_word' id='word_1_323' title='bbox 1598 4145 1634 4212; x_wconf 91' lang='lat' dir='ltr'><strong>in</strong></span> <span class='ocrx_word' id='word_1_324' title='bbox 1647 4143 1736 4214; x_wconf 89' lang='lat' dir='ltr'><strong>libro</strong></span> <span class='ocrx_word' id='word_1_325' title='bbox 1755 4143 2034 4216; x_wconf 81' lang='lat' dir='ltr'><strong>deAudituani·</strong></span> 
     </span>
     <span class='ocr_line' id='line_1_30' title="bbox 352 4249 2036 4355; baseline -0.008 -18"><span class='ocrx_word' id='word_1_326' title='bbox 352 4267 493 4341; x_wconf 82' lang='lat' dir='ltr'><strong>molium</strong></span> <span class='ocrx_word' id='word_1_327' title='bbox 513 4257 731 4355; x_wconf 85' lang='lat' dir='ltr'><strong>aquetilium,</strong></span> <span class='ocrx_word' id='word_1_328' title='bbox 758 4255 923 4338; x_wconf 85' lang='lat' dir='ltr'><strong>affirmat,</strong></span> <span class='ocrx_word' id='word_1_329' title='bbox 951 4275 1023 4320; x_wconf 89' lang='lat' dir='ltr'><strong>non</strong></span> <span class='ocrx_word' id='word_1_330' title='bbox 1043 4249 1152 4322; x_wconf 89' lang='lat' dir='ltr'><strong>solum</strong></span> <span class='ocrx_word' id='word_1_331' title='bbox 1167 4251 1205 4320; x_wconf 90' lang='lat' dir='ltr'><strong>in</strong></span> <span class='ocrx_word' id='word_1_332' title='bbox 1226 4253 1389 4346; x_wconf 82' lang='lat' dir='ltr'><strong>Cyprinia</strong></span> <span class='ocrx_word' id='word_1_333' title='bbox 1406 4255 1544 4334; x_wconf 83' lang='lat' dir='ltr'><strong>adesse,</strong></span> <span class='ocrx_word' id='word_1_334' title='bbox 1567 4253 1628 4322; x_wconf 87' lang='lat' dir='ltr'><strong>sed</strong></span> <span class='ocrx_word' id='word_1_335' title='bbox 1654 4253 1755 4322; x_wconf 87' lang='lat' dir='ltr'><strong>etiam</strong></span> <span class='ocrx_word' id='word_1_336' title='bbox 1773 4255 1855 4323; x_wconf 92' lang='lat' dir='ltr'><strong>oriri</strong></span> <span class='ocrx_word' id='word_1_337' title='bbox 1874 4281 1892 4322; x_wconf 85' lang='lat' dir='ltr'><strong>a</strong></span> <span class='ocrx_word' id='word_1_338' title='bbox 1911 4259 2036 4347; x_wconf 89' lang='lat' dir='ltr'><strong>quinto</strong></span> 
     </span>
     <span class='ocr_line' id='line_1_31' title="bbox 350 4363 2032 4471; baseline -0.007 -22"><span class='ocrx_word' id='word_1_339' title='bbox 350 4381 428 4471; x_wconf 82' lang='lat' dir='ltr'><strong>pari</strong></span> <span class='ocrx_word' id='word_1_340' title='bbox 446 4397 482 4446; x_wconf 84' lang='lat' dir='ltr'><strong>et</strong></span> <span class='ocrx_word' id='word_1_341' title='bbox 501 4402 520 4444; x_wconf 91' lang='lat' dir='ltr'><strong>a</strong></span> <span class='ocrx_word' id='word_1_342' title='bbox 536 4369 687 4444; x_wconf 87' lang='lat' dir='ltr'><strong>medulla</strong></span> <span class='ocrx_word' id='word_1_343' title='bbox 705 4368 885 4455; x_wconf 76' lang='lat' dir='ltr'><strong>oblongata</strong></span> <span class='ocrx_word' id='word_1_344' title='bbox 899 4363 1144 4460; x_wconf 66' lang='lat' dir='ltr'><strong>hypoglorsusg</strong></span> <span class='ocrx_word' id='word_1_345' title='bbox 1168 4365 1257 4438; x_wconf 84' lang='lat' dir='ltr'><strong>dicit</strong></span> <span class='ocrx_word' id='word_1_346' title='bbox 1276 4371 1389 4438; x_wconf 89' lang='lat' dir='ltr'><strong>enim:</strong></span> <span class='ocrx_word' id='word_1_347' title='bbox 1429 4367 1567 4439; x_wconf 80' lang='lat' dir='ltr'><strong>allone</strong></span> <span class='ocrx_word' id='word_1_348' title='bbox 1583 4367 1676 4433; x_wconf 89' lang='lat' dir='ltr'><strong>enim</strong></span> <span class='ocrx_word' id='word_1_349' title='bbox 1697 4389 1839 4436; x_wconf 76' lang='lat' dir='ltr'><strong>nervum</strong></span> <span class='ocrx_word' id='word_1_350' title='bbox 1860 4367 1903 4436; x_wconf 88' lang='lat' dir='ltr'><strong>ad</strong></span> <span class='ocrx_word' id='word_1_351' title='bbox 1922 4391 2032 4438; x_wconf 89' lang='lat' dir='ltr'><strong>mem·</strong></span> 
     </span>
     <span class='ocr_line' id='line_1_32' title="bbox 350 4479 2033 4572; baseline -0.004 -13"><span class='ocrx_word' id='word_1_352' title='bbox 350 4491 478 4562; x_wconf 86' lang='lat' dir='ltr'><strong>branae</strong></span> <span class='ocrx_word' id='word_1_353' title='bbox 499 4483 708 4558; x_wconf 82' lang='lat' dir='ltr'><strong>branchidis</strong></span> <span class='ocrx_word' id='word_1_354' title='bbox 724 4481 838 4554; x_wconf 82' lang='lat' dir='ltr'><strong>radios</strong></span> <span class='ocrx_word' id='word_1_355' title='bbox 861 4481 928 4553; x_wconf 84' lang='lat' dir='ltr'><strong>otei</strong></span> <span class='ocrx_word' id='word_1_356' title='bbox 947 4479 1092 4571; x_wconf 77' lang='lat' dir='ltr'><strong>Hyoidia</strong></span> <span class='ocrx_word' id='word_1_357' title='bbox 1107 4479 1258 4551; x_wconf 82' lang='lat' dir='ltr'><strong>adnexos</strong></span> <span class='ocrx_word' id='word_1_358' title='bbox 1281 4481 1484 4552; x_wconf 82' lang='lat' dir='ltr'><strong>tendentem</strong></span> <span class='ocrx_word' id='word_1_359' title='bbox 1498 4503 1565 4572; x_wconf 82' lang='lat' dir='ltr'><strong>pro</strong></span> <span class='ocrx_word' id='word_1_360' title='bbox 1594 4479 1808 4572; x_wconf 72' lang='lat' dir='ltr'><strong>Hypogloero</strong></span> <span class='ocrx_word' id='word_1_361' title='bbox 1833 4481 2033 4552; x_wconf 86' lang='lat' dir='ltr'><strong>habendum</strong></span> 
     </span>
    </p>

    <p class='ocr_par' dir='ltr' id='par_1_7' title="bbox 1973 4619 2033 4676">
     <span class='ocr_line' id='line_1_33' title="bbox 1973 4619 2033 4676; baseline -0.05 -9"><span class='ocrx_word' id='word_1_362' title='bbox 1973 4619 2033 4676; x_wconf 73' lang='lat' dir='ltr'><strong>eso,</strong></span> 
     </span>
    </p>
   </div>
   <div class='ocr_carea' id='block_1_6' title="bbox 384 4760 1636 4932">
    <p class='ocr_par' dir='ltr' id='par_1_8' title="bbox 384 4760 1636 4932">
     <span class='ocr_line' id='line_1_34' title="bbox 384 4760 1636 4932; baseline -0.012 -91"><span class='ocrx_word' id='word_1_363' title='bbox 384 4763 441 4841; x_wconf 83' lang='lat'><strong>(¹)</strong></span> <span class='ocrx_word' id='word_1_364' title='bbox 463 4765 594 4842; x_wconf 64' lang='lat' dir='ltr'><strong>Qum</strong></span> <span class='ocrx_word' id='word_1_365' title='bbox 610 4767 720 4852; x_wconf 65' lang='lat' dir='ltr'><strong>minut</strong></span> <span class='ocrx_word' id='word_1_366' title='bbox 741 4760 911 4844; x_wconf 72' lang='lat' dir='ltr'><strong>iunioribus</strong></span> <span class='ocrx_word' id='word_1_367' title='bbox 926 4762 1082 4831; x_wconf 68' lang='lat' dir='ltr'><strong>noandum</strong></span> <span class='ocrx_word' id='word_1_368' title='bbox 1097 4763 1196 4848; x_wconf 76' lang='lat' dir='ltr'><strong>plures</strong></span> <span class='ocrx_word' id='word_1_369' title='bbox 1211 4773 1339 4830; x_wconf 69' lang='lat' dir='ltr'><strong>oreore</strong></span> <span class='ocrx_word' id='word_1_370' title='bbox 1356 4781 1502 4932; x_wconf 58' lang='lat' dir='ltr'><strong>omqgm</strong></span> <span class='ocrx_word' id='word_1_371' title='bbox 1518 4762 1636 4826; x_wconf 79' lang='lat' dir='ltr'><strong>adeuet.</strong></span> 
     </span>
     <span class='ocr_line' id='line_1_35' title="bbox 1472 4881 1492 4930; baseline 0 0"><span class='ocrx_word' id='word_1_372' title='bbox 1472 4881 1492 4930; x_wconf 80' lang='lat' dir='ltr'><strong>a</strong></span> 
     </span>
    </p>
   </div>
   <div class='ocr_carea' id='block_1_7' title="bbox 0 0 2500 6136">
    <p class='ocr_par' dir='ltr' id='par_1_9' title="bbox 0 0 2500 6136">
     <span class='ocr_line' id='line_1_36' title="bbox 0 0 2500 6136; baseline 0 0"><span class='ocrx_word' id='word_1_373' title='bbox 0 0 2500 6136; x_wconf 95' lang='lat' dir='ltr'><strong> </strong></span> 
     </span>
    </p>
   </div>
  </div>
 </body>
</html>
