4992 6138
493 433 534 500 ²6
853 421 1130 492 CAROLI
1184 421 1822 504 MARINIGILTAY,

499 608 732 679 insertionem.
777 610 975 696 Antequam
1004 624 1127 671 nervus
1161 602 1358 690 trigeminos
1386 605 1575 673 ecaritate
1603 602 1711 671 cranii
1742 618 1859 683 exeat,
1893 625 2014 668 uersos
2038 601 2103 686 (ι)
2131 603 2191 670 dat

502 718 714 805 pertinentes
732 716 777 783 ad
795 737 920 802 organa
938 712 1084 780 auditus.
1130 711 1176 778 Hi
1198 715 1296 780 nervi
1309 715 1441 801 egregie
1461 728 1652 806 apparent,
1675 712 1703 778 si
1718 737 1849 782 osseum
1876 711 1962 778 latus
1988 715 2096 780 cranii
2122 717 2188 780 ab·

502 826 682 894 scindatur
709 844 743 896 et
773 850 880 917 quum
913 822 1046 892 uenales
1078 823 1348 889 semicirculares
1381 825 1527 892 cerebro
1551 826 1806 916 opprimuntur.
1851 825 1978 904 Nervi,
2011 820 2055 888 ad
2087 823 2188 892 hosce

505 936 637 1004 conules
655 937 891 1027 pertinentes,
914 960 955 1003 ex
977 957 1046 1000 uno
1066 949 1199 1023 puncto
1219 932 1322 1021 (Tab
1351 959 1382 1005 o.
1403 937 1477 1023 Fig.
1493 941 1526 1007 3.
1548 940 1609 1026 a.)
1641 939 1738 1006 nervi
1761 935 1873 1026 quinti
1901 935 1993 1022 paris
2019 933 2104 1001 oriri
2128 935 2191 1003 via

504 1044 651 1133 dentnr3
674 1047 779 1113 ctiam
796 1046 959 1114 inferiora
983 1068 1098 1114 versus
1119 1047 1242 1126 nervi,
1267 1047 1329 1140 qni
1352 1045 1396 1114 sd
1412 1069 1549 1114 saccum
1566 1048 1762 1137 pertinent,
1786 1065 1829 1150 ιι
1849 1042 1914 1109 hoc
1945 1061 2078 1136 puncto
2099 1067 2191 1134 pro-,

501 1155 621 1224 dsunt.

544 1269 696 1344 Nervus,
717 1267 759 1333 ad
780 1265 912 1334 canales
931 1267 1199 1338 semicirculares
1223 1272 1420 1358 pertinens,
1443 1274 1558 1361 primo
1578 1271 1614 1337 in
1635 1267 1718 1334 duos
1745 1263 1861 1347 (rab.
1882 1287 1913 1332 a.
1936 1267 2010 1354 Fig.
2029 1271 2061 1337 5.
2075 1291 2110 1336 a.
2132 1269 2187 1356 ὂ.)

504 1378 673 1444 dividitur
692 1399 824 1446 ramost
850 1379 910 1466 qui
933 1377 1020 1444 rami
1035 1377 1078 1444 ad
1097 1398 1282 1469 utrumque
1310 1379 1397 1447 latus
1426 1380 1667 1464 adscendunt3
1692 1379 1864 1456 anterior,
1900 1377 1990 1444 circa
2018 1381 2185 1445 extremi-

501 1493 606 1556 ‘tutem
623 1486 783 1555 vestibuli
805 1487 1067 1570 circumflexus,
1096 1488 1138 1556 ad
1164 1489 1347 1578 ampullam
1367 1493 1492 1559 conniis
1517 1491 1775 1560 se'micireularis
1801 1490 1979 1560 anterioris
2007 1491 2184 1582 pervenit:
2231 1494 2236 1532 ⁴

502 1597 672 1688 posterior
693 1621 805 1668 ramus
827 1601 890 1667 sub
917 1598 1086 1668 vestibulo
1110 1601 1154 1666 ad
1177 1601 1361 1692 ampullam
1385 1601 1513 1671 canalis
1544 1601 1765 1672 horizoutnlis
1797 1602 1865 1668 sive
1888 1601 2021 1668 externi
2052 1603 2186 1670 transit.

499 1709 632 1774 Nervus
657 1709 809 1792 (Tabam
834 1713 906 1798 lug.
925 1714 957 1778 5.
980 1713 1056 1790 d.),
1074 1713 1134 1802 qui
1155 1710 1199 1779 ad
1221 1735 1358 1780 saecum
1378 1713 1530 1802 pertinet
1546 1729 1580 1781 et
1603 1715 1679 1802 qui,
1713 1730 1751 1780 ut
1772 1715 1840 1798 jem
1867 1713 2036 1793 diximus,
2058 1735 2099 1776 ex
2120 1735 2183 1778 eo-

502 1819 580 1886 dem
598 1837 728 1909 puncto
753 1826 935 1909 provenit,
956 1824 1053 1914 quasi
1073 1824 1185 1892 stetim
1210 1826 1248 1890 in
1275 1823 1396 1892 multas
1433 1824 1539 1890 fibros
1565 1823 1726 1890 radiatim
1749 1823 1938 1902 dividitur,
1963 1846 2051 1915 quoe
2073 1823 2185 1894 fibras

501 1931 543 1996 ad
564 1933 784 2025 superficiem
800 1934 999 2000 inferiorem
1022 1932 1172 2000 tendunt
1188 1950 1224 2002 et
1242 1935 1279 2000 in
1300 1935 1499 2002 membrano
1517 1937 1604 2000 sacci
1624 1953 1843 2008 evanescunt.
1884 1937 2017 2002 Primus
2036 1955 2183 2021 nervus,

498 2043 573 2132 ipse
595 2042 782 2108 auditorius
805 2065 955 2122 nervus,
978 2043 1147 2113 secundus
1181 2043 1224 2110 ad
1242 2067 1380 2115 saccum
1402 2047 1603 2137 pertinens,
1634 2042 1820 2115 auditorius
1850 2047 2055 2118 accessorius
2070 2044 2184 2116 vocari

493 2151 594 2234 licet,
617 2152 805 2220 secundum
830 2153 1002 2222 Weber.

539 2261 724 2352 Postquam
746 2263 799 2328 his
822 2265 924 2332 ramis
949 2261 1114 2349 originem
1131 2267 1312 2357 praebuit,
1334 2290 1400 2358 per
1421 2265 1573 2338 foramen
1594 2267 1663 2340 alae
1683 2265 1822 2358 magnae
1844 2269 1925 2336 ossis
1943 2265 2147 2357 sphenoidei
2161 2289 2183 2334 e

494 2374 610 2439 cronio
632 2373 714 2441 erit.
1242 2439 1244 2444 ,

519 2486 733 2576 ΙΑιιιιιιιιιιιιι
764 2497 875 2550 tamen
916 2484 1059 2557 omniuo
1086 2486 1293 2562 esoramine
1323 2505 1474 2578 egressus
1502 2493 1574 2577 sit,
1603 2517 1735 2560 romum
1766 2491 1887 2581 (rab.
1918 2510 1949 2558 n.
1984 2491 2056 2578 Fig.
2076 2492 2109 2560 t.
2129 2493 2183 2576 s.)

491 2595 550 2660 dat
567 2594 715 2676 sortem,
738 2591 996 2682 opercularem,
1022 2612 1061 2664 ut
1087 2599 1327 2666 Curierius
1350 2599 1556 2685 generaliter
1577 2599 1685 2667 dicits
1710 2605 1769 2692 qui
1787 2628 1898 2671 remus
1923 2628 1941 2671 e
1963 2602 2094 2669 duabus
2119 2624 2180 2669 ra·

489 2706 626 2773 dicibus
653 2709 785 2788 oritura
809 2728 897 2770 unus
921 2707 1037 2793 (Tab.
1058 2729 1089 2777 n.
1110 2709 1184 2794 Fig.
1203 2711 1236 2776 4.
1257 2709 1329 2796 y»)
1358 2707 1476 2774 ,adhuc
1509 2710 1544 2776 in
1572 2711 1713 2778 cavitate
1738 2715 1845 2780 cranii
1871 2728 1984 2779 ortum
2012 2713 2117 2778 habet
2144 2728 2180 2776 et

490 2818 560 2886 erit
579 2839 644 2905 per
669 2818 821 2882 toramen
843 2813 912 2880 siue
941 2839 1099 2902 magnae,
1122 2815 1207 2886 aiter
1231 2817 1347 2902 (Tub.
1367 2840 1400 2885 ι.
1423 2817 1499 2902 Fig.
1521 2820 1553 2884 4.
1579 2819 1643 2904 n.)
1675 2819 1747 2886 sere
1783 2838 1893 2889 ortum
1917 2818 2022 2886 hebet
2047 2819 2182 2905 inipso

487 2927 560 2996 alae
592 2927 787 2998 foramine:
822 2926 883 3018 qui
914 2928 1087 3000 secundus
1119 2952 1232 2998 ramus
1258 2951 1324 3018 per
1350 2949 1482 2998 osseum
1510 2926 1662 3000 canalem
1693 2928 1763 2998 alae
1796 2930 1839 2998 ad
1870 2929 2023 3019 primum
2047 2953 2179 3002 ramum

2092 3055 2180 3118 ten-2

522 3238 577 3314 (ι)
602 3233 738 3298 ὓίιιιιιι
760 3241 827 3293 sunt
847 3241 992 3295 ruentum
1009 3231 1163 3300 neumae
1189 3233 1225 3296 de
1255 3253 1341 3298 norm
1366 3231 1487 3296 acustioo
1510 3245 1540 3295 et
1561 3231 1701 3297 auditorio
1729 3233 1886 3298 accesmrio.
1920 3233 2048 3294 Nerrum
2075 3231 2178 3292 acueti-

490 3330 743 3408 cmnatrigemino
759 3328 845 3401 oriri,
864 3331 963 3388 dicunt
977 3332 1113 3412 Scarpa
1132 3345 1162 3390 et
1178 3332 1388 3405 Covieriuse
1406 3342 1435 3389 et
1456 3331 1571 3410 quidem
1589 3331 1722 3408 Scarpa
1741 3328 1799 3388 hoe
1814 3325 2071 3387 affirmatinEsoce
2082 3327 2179 3386 tucior

485 3425 723 3486 Treviranus
747 3440 867 3482 nervum
886 3425 1038 3482 acnsticum
1061 3446 1115 3503 pro
1132 3445 1256 3488 neraoa
1282 3425 1398 3486 cerebro
1416 3437 1511 3486 ortum
1526 3425 1635 3497 habet,
1665 3445 1786 3488 nervum
1810 3427 1954 3490 diversum
1971 3444 1989 3481 a
2014 3421 2173 3500 trigemino.

491 3517 621 3578 Weber
638 3519 698 3597 ipse
714 3531 780 3576 cum
797 3519 1000 3578 Trevireno
1023 3521 1108 3594 dicit,
1125 3523 1248 3581 radicem
1268 3522 1349 3587 nervi
1366 3522 1479 3582 acuetiei
1499 3540 1591 3602 prope
1616 3519 1740 3580 redicem
1759 3521 1838 3580 uerri
1862 3518 1995 3596 trigimini
2017 3535 2077 3578 esse
2088 3559 2099 3590 ,
2123 3519 2174 3577 sed

489 3613 605 3670 minime
627 3617 814 3688 coniunctam.
2123 3610 2127 3618 ’

524 3711 570 3767 De
588 3725 674 3767 nervo
691 3709 831 3772 auditorio
848 3707 999 3771 accessorio
1013 3707 1244 3796 nidtWebers
1266 3705 1320 3772 ain
1336 3711 1471 3772 Muraena
1490 3710 1621 3788 anguilla,
1640 3707 1671 3764 in
1686 3707 1773 3764 ance
1789 3705 1874 3761 Lucio
1891 3713 1921 3761 et
1937 3702 2020 3762 Gado
2038 3707 2123 3773 Lota,
2142 3707 2173 3762 in

488 3805 591 3882 quibus
609 3803 715 3862 nouom
734 3821 799 3864 cum
816 3823 886 3882 rego
903 3803 990 3862 babet
1008 3807 1311 3876 communicationem,
1332 3817 1389 3864 tana
1405 3825 1497 3881 prope
1516 3822 1636 3862 nervum
1653 3800 1823 3860 auditorium
1842 3821 1859 3858 a
1875 3797 1991 3856 uertitro
2008 3797 2121 3868 editur,
2140 3808 2173 3862 nt

489 3903 588 3958 eodem
611 3901 674 3975 iure
700 3917 753 3974 pro
769 3916 848 3954 ramo
865 3895 951 3971 huius
967 3899 1048 3960 1111·ιί
1063 3921 1149 3978 quam
1166 3919 1270 3960 nervus
1288 3897 1443 3956 auditorius
1458 3917 1512 3974 pro
1528 3917 1606 3964 ramo
1631 3894 1771 3976 trigemini
1787 3890 1888 3950 heberi
1904 3893 2019 3970 posait'’
2036 3903 2082 3963 et,
2104 3893 2170 3968 qnia

488 4013 608 4053 nervum
620 3993 771 4050 acusticum
780 4010 833 4066 par
849 3989 998 4068 proprium
1014 4003 1114 4064 vocat,
1130 4003 1215 4052 ettam
1232 3995 1385 4052 aeusticum
1403 3997 1584 4056 ammutium
1602 4011 1655 4073 pro
1672 3991 1736 4072 pari
1753 3989 1869 4070 proprio
1886 3985 1981 4047 habet.
2016 3985 2169 4061 Weber,

489 4090 527 4146 de
544 4087 651 4146 Audito
668 4081 832 4144 animalium
848 4079 1021 4156 aquatilium.

524 4177 722 4286 Crurisrius
747 4177 814 4234 dicit
830 4193 890 4234 ctae
906 4193 1017 4236 ramum
1043 4180 1203 4260 trigemini,
1226 4179 1257 4240 in
1273 4183 1359 4246 snat.
1373 4199 1467 4264 comp.
1484 4179 1538 4262 lep.
1562 4203 1623 4256 re,
1647 4181 1717 4243 dum
1738 4179 1772 4244 iu
1795 4197 1883 4262 opere
1909 4179 1946 4240 de
1963 4173 2090 4238 Piscibus
2118 4196 2171 4255 pro

490 4273 922 4451 P'gaiiaiiiio,liiabiiiisertde
939 4366 1039 4428 ruditu
1055 4365 1155 4427 Gades
1170 4367 1341 4444 ltoniauae,
1358 4373 1427 4434 dicit
1442 4375 1518 4435 hunc
1533 4391 1650 4432 nereum
1676 4387 1738 4430 sese
1754 4387 1807 4448 par
1830 4315 2191 4445 septimum-'Continet¹

490 4470 547 4526 lroc
563 4487 622 4526 non
638 4462 777 4542 intelligi,
806 4463 873 4542 quia
890 4463 920 4521 in
935 4465 997 4541 rig.
1011 4485 1037 4524 a.
1052 4463 1123 4525 ‘tan
1139 4485 1161 4524 ι.
1178 4483 1299 4526 nurum
1316 4479 1392 4528 uerte
1408 4483 1441 4532 ut
1456 4490 1567 4532 ramum
1583 4466 1675 4546 quinti
1690 4467 1765 4546 paris
1783 4463 1942 4522 delineavit.

526 4561 643 4622 Carus
668 4563 752 4620 etiam
776 4561 874 4621 statuit
890 4557 964 4618 nihii
979 4578 1093 4638 prorsus
1110 4579 1170 4619 esse
1186 4559 1216 4618 in
1244 4561 1332 4620 Esoee
1348 4564 1454 4638 Lucio,
1479 4585 1564 4643 quam
1586 4581 1697 4622 ramum
1727 4559 1820 4638 quinti
1845 4557 1933 4640 paris.
1962 4551 2043 4622 Zoci-
2070 4555 2096 4632 Β·
2111 4559 2172 4626 iot.

522 4655 649 4722 numm
671 4657 797 4719 {andem
817 4672 917 4718 censeo
938 4671 1004 4720 euru
1022 4655 1170 4734 trinomius
1190 4651 1352 4730 conflueret
1369 4657 1449 4720 nulia
1469 4659 1527 4740 ridi
1548 4659 1609 4736 ejus
1631 4653 1756 4732 vestigia.
