4992 6138
523 521 882 600 oounrrrarro
915 545 970 598 rr
1001 522 1350 617 Qurrsrroueu
1381 521 1707 608 zootootcarr.
1941 554 1961 616 7

1057 713 1090 798 ς.
1134 707 1170 778 e.

308 902 451 970 Oaaibua
470 895 675 970 frontalibna
695 896 881 986 majoribua
894 894 1036 982 ablatio,
1055 913 1090 964 at
1101 895 1188 964 dura
1198 896 1310 963 Matre
1328 895 1491 978 reaciaaa,
1514 891 1697 962 cerebrum
1714 909 1871 983 apparet.
1908 897 1956 964 Ut

263 1011 333 1098 jam
352 1011 523 1096 diximna,
544 1026 652 1080 totam
663 1030 735 1076 uon
755 1005 869 1096 replet
882 1007 1059 1075 cavitatem
1075 1007 1187 1094 (Τὼ.
1199 1032 1229 1076 1.
1253 1005 1311 1092 fig·
1323 1007 1379 1092 5.)
1400 1005 1529 1090 cranii3
1554 1003 1668 1087 locus,
1690 1027 1874 1093 quemnon
1888 1030 1953 1075 oc·

266 1136 371 1211 cupat
390 1120 592 1197 cerebrum.
611 1117 650 1186 in
671 1115 857 1186 individuia
878 1117 1104 1187 adultioribus
1117 1123 1227 1209 major
1245 1135 1319 1203 ett,
1342 1142 1445 1212 quam
1461 1117 1498 1183 iu
1518 1115 1732 1202 junioribua=
1756 1113 1849 1205 quod
1868 1138 1957 1205 pro·

264 1235 346 1310 bat,
370 1232 551 1299 cerebrum
569 1247 641 1294 non
664 1225 786 1295 eadem
804 1227 936 1292 ratione
959 1225 1067 1296 evolvi
1090 1256 1159 1322 qua
1184 1251 1311 1320 corpur
1340 1229 1534 1319 reliquuma
1563 1224 1658 1318 quod
1686 1225 1843 1294 universa
1870 1229 1955 1295 cu.

266 1339 436 1408 viarius
460 1342 535 1426 (1)
559 1339 629 1425 jam
651 1335 840 1408 adnotavit.
882 1337 1005 1426 Figura
1031 1339 1167 1408 cerebri
1184 1341 1251 1428 (a)
1274 1337 1382 1405 refert
1404 1335 1580 1427 duplicem
1597 1340 1722 1404 aeriam
1749 1337 1952 1405 tuberculo·

265 1469 365 1533 111111,
389 1463 424 1515 et
446 1450 628 1518 cerebrum
649 1447 762 1518 dividi
777 1461 891 1538 potest
912 1448 950 1514 in
975 1465 1044 1515 traa
1076 1470 1201 1518 maaeaa
1215 1449 1442 1539 praecipuam
1468 1463 1615 1538 quatuor
1632 1446 1744 1530 (Tab.
1766 1450 1956 1538 1.f.r.c.)

267 1563 380 1654 prima
396 1560 575 1630 tubercula
595 1559 742 1651 primam
765 1560 979 1628 conatituunt
999 1583 1168 1646 maeaam3
1203 1559 1276 1628 duo
1295 1557 1411 1645 (Τὼ.
1431 1575 1460 1624 1.
1485 1557 1512 1624 l.
1539 1583 1570 1628 r.
1594 1562 1652 1649 h.)
1671 1555 1870 1652 aequantia,
1893 1577 1957 1624 aea

270 1670 441 1757 cundam3
466 1670 619 1762 denique
645 1671 788 1738 tertium
814 1669 954 1742 unicum
984 1671 1100 1758 (Τὼ.
1120 1695 1150 1739 ι.
1171 1669 1199 1738 l'.
1226 1691 1254 1740 1.
1280 1675 1334 1755 c.)
1364 1669 1581 1737 tuberculum
1599 1667 1777 1738 coustituit
1805 1667 1951 1736 tertiam.

268 1777 465 1847 Tubercula
482 1778 713 1864 intermedia,
744 1778 880 1872 reliqna
905 1799 1069 1873 cuperant
1093 1778 1351 1868 magnitudine;
1381 1781 1493 1850 omnia
1519 1782 1674 1848 raserunt
1703 1779 1846 1846 sormam
1870 1801 1954 1844 ova-

268 1883 355 1968 lem‚
378 1889 491 1979 prima
513 1889 729 1978 complanata
760 1908 842 1958 aunt
866 1873 1057 1980 ¹posteriue,
1079 1893 1238 1958 ultimum
1265 1891 1481 1960 tuberculum
1511 1889 1762 1983 complanatum
1795 1891 1958 1958 anteriust

271 1996 480 2088 superficiei
496 2000 654 2090 euperior
675 2001 713 2070 ia
730 2000 889 2070 omuibua
908 2021 961 2074 eat
980 2028 1140 2076 convexa.

317 2361 504 2432 Ordiamur
529 2386 550 2432 a
575 2364 690 2457 prima
711 2385 818 2434 maara
839 2367 925 2454 (5).
972 2365 1115 2434 Conatat
1142 2389 1161 2432 e
1189 2363 1323 2431 duobus
1359 2365 1499 2456 paribus
1530 2363 1756 2450 gangliorum.
1800 2347 1965 2439 Formam'

274 2473 432 2543 referunt
469 2473 602 2562 ganglia
638 2475 856 2562 globulorum
889 2475 1193 2568 imperfectorum
1226 2491 1262 2541 et
1289 2475 1326 2539 iu
1364 2471 1497 2538 duobus
1537 2473 1780 2576 anterioribua‘
1798 2475 1961 2542 desinunt

275 2587 373 2652 nervi
393 2583 575 2655 olfactorii.
620 2587 710 2653 Sunt
733 2587 846 2655 omnia
867 2587 996 2662 solida.
1027 2583 1252 2651 eaubstantiu
1277 2585 1412 2650 cinerea
1440 2583 1644 2652 cunctantia.
1689 2583 1801 2651 Prima
1826 2581 1962 2672 ganglia

276 2689 434 2762 referunt
462 2693 608 2764 sormam
634 2695 811 2790 paululum
845 2695 1054 2786 triqucrem3
1079 2713 1149 2760 non
1180 2691 1277 2760 fibris
1298 2691 1559 2773 medullaribua,
1582 2693 1645 2760 aed
1678 2709 1811 2766 lautum
1841 2699 1959 2764 tunici

275 2801 502 2868 arachnoidel
525 2805 616 2873 iuter
634 2828 671 2874 ee
693 2808 879 2892 conjuncto
899 2820 992 2873 eunt.
1707 2792 1711 2802 ¹
1956 2801 1964 2812 ⁸

318 2907 465 2995 Ganglia
485 2915 664 3002 aequantia
681 2915 782 2983 etiam
800 2931 879 2982 aunt
898 2917 1025 2990 aclide,
1054 2939 1121 2983 nec
1144 2915 1289 2982 invicem
1322 2915 1508 3001 conjuncta
1534 2933 1615 2984 aunt
1638 2917 1736 2988 libris
1756 2918 1960 2990 medullari-

276 3017 363 3102 but,
388 3041 596 3111 quamquam
625 3025 766 3092 Curua
793 3025 856 3112 (4)
887 3027 1031 3094 affirmat
1052 3048 1092 3097 ea
1116 3027 1333 3094 commissuri
1368 3045 1439 3090 esee
1469 3029 1677 3112 conjunctae
1711 3030 1773 3096 aed
1816 3031 1961 3124 quodvis

278 3129 434 3216 ganglion
455 3135 678 3218 conjunctam
695 3151 748 3202 eat
765 3157 843 3204 cum
867 3138 999 3224 ganglio
1018 3139 1259 3231 praecedenti,
1277 3135 1528 3206 filameutorum
1547 3163 1612 3230 ope
1635 3143 1748 3230 (rab.
1769 3170 1797 3213 ι.
1820 3145 1890 3231 Fig·
1910 3149 1965 3232 5.)

277 3239 314 3304 in
337 3259 431 3307 reeta
450 3241 541 3310 linea
560 3243 869 3324 adscendentiuru.
899 3250 945 3313 ita
970 3263 1007 3312 ut
1026 3253 1174 3336 primum
1198 3248 1407 3334 gangliorum
1431 3271 1493 3336 par
1519 3266 1649 3317 tautum
1674 3272 1711 3320 ut
1729 3279 1809 3348 pare
1837 3253 1964 3328 debeat

281 3349 432 3436 oouapici
460 3355 550 3437 puris
581 3356 769 3441 aequantia.
813 3357 854 3420 lu
887 3357 1025 3435 multia,
1060 3381 1147 3450 quos
1182 3357 1328 3427 diaaecui
1359 3357 1568 3444 individuis,
1599 3359 1671 3432 vidi
1697 3387 1856 3454 gyrorum
1881 3391 1964 3460 ape·

279 3461 394 3540 aiam.
420 3477 511 3530 certa
533 3461 697 3554 quaedam
719 3469 933 3540 eminentius.

1068 3625 1100 3708 l·
1145 3621 1181 3690 1.

325 3793 435 3861 Maesa
461 3795 631 3883 secunda,
667 3821 824 3874 conattua
857 3829 874 3873 a
902 3807 1036 3875 duobua
1059 3808 1198 3896 gaugliia
1227 3807 1315 3898 (5),
1350 3821 1402 3876 aat
1435 3807 1579 3874 murima
1610 3831 1680 3896 quo
1715 3808 1758 3875 ad
1786 3811 1965 3885 volumem

1877 3947 1967 4010 gan·

320 4039 376 4114 (1)
398 4039 529 4100 Guvier
555 4054 583 4102 et
607 4047 890 4124 valencianas,
908 4049 972 4108 bist.
991 4063 1049 4110 nat.
1069 4053 1118 4110 dae
1135 4051 1281 4130 poleium,
1302 4059 1380 4112 1818.
1406 4053 1507 4112 tomi,
1525 4069 1579 4128 pag
1599 4061 1660 4123 lvd.

322 4137 373 4212 (1)
395 4135 511 4194 cerebri
536 4141 669 4204 volumen
692 4159 886 4226 comparatum
910 4165 975 4206 aum
1000 4147 1085 4205 totiua
1108 4147 1233 4224 corpor-ia
1258 4147 1401 4206 volumina
1426 4149 1564 4206 rationem
1583 4147 1669 4208 habet
1692 4161 1728 4214 ι’.
1742 4159 1835 4247 „233
1850 4155 1967 4221 Curua

283 4231 451 4303 Zootornie‚
467 4231 561 4312 beipe.
580 4245 654 4302 1818.
670 4245 709 4302 0⁰.
729 4263 793 4321 pag.
809 4251 867 4304 205.

319 4325 374 4400 (i)
398 4323 464 4382 Non
481 4323 537 4386 boc
560 4327 622 4392 loco
646 4336 683 4393 de
711 4335 884 4398 diversarum
913 4335 1036 4416 portium
1065 4333 1264 4412 significatione
1290 4347 1320 4396 et
1344 4337 1573 4424 denominatione
1598 4339 1715 4415 ,dicama
1732 4355 1849 4404 tantula
1872 4359 1972 4428 parler

286 4423 356 4481 talea
381 4423 564 4496 describam,
594 4427 691 4506 qualos
711 4447 760 4490 ene
783 4417 859 4506 vidi,
888 4431 981 4508 quoad
999 4431 1135 4500 sormam,
1161 4421 1348 4508 politionem,
1372 4445 1403 4493 et
1430 4417 1621 4495 alruclurartit
1648 4447 1681 4494 ut
1698 4438 1765 4498 dein
1792 4443 1828 4499 de
1855 4443 1971 4506 divanio

286 4527 429 4574 ariolorum
447 4520 622 4598 opinionibus
638 4521 757 4584 videam.
1644 4525 1647 4532 ¹

322 4613 373 4684 (l)
397 4611 528 4672 Verauelr
547 4615 626 4674 einer
641 4619 819 4698 Darslellung
836 4623 886 4682 dea
903 4621 1133 4698 Nerveuayatcma
1151 4623 1210 4681 und
1226 4622 1270 4682 ina
1288 4621 1443 4687 batoudere
1454 4627 1505 4686 dea
1523 4626 1647 4687 Gabirat
1664 4627 1741 4688 uach
1760 4627 1837 4690 tltrer
1855 4631 1968 4694 baden·

292 4715 363 4780 lttng
380 4715 432 4760 ele.
449 4727 506 4765 von
523 4709 605 4768 Carl
620 4705 768 4774 Guslav
786 4714 921 4788 curua,
939 4717 1056 4794 Leipzig
1076 4724 1149 4788 titi.
1166 4737 1193 4795 p·
1208 4724 1264 4778 136.
1288 4785 1293 4796 ⁸

290 4799 377 4952 Ρ(5)
400 4797 705 4965 Diqmcteraeeundum
719 4809 842 4868 Sarrae
861 4823 903 4870 eat
921 4817 1042 4886 menori.
1077 4801 1225 4872 'Analoruie
1243 4817 1389 4892 comperio
1408 4819 1447 4874 du
1459 4815 1608 4886 cerreto,
1625 4835 1676 4896 par
1692 4815 1724 4874 Ε.
1736 4821 1815 4886 ltu.
1828 4767 1975 4897 Stiria:

314 4913 369 4956 arta
388 4902 436 4956 rer
456 4933 464 4955 .
