4992 6138
451 500 498 569 44
829 487 1120 558 ὨᾺΒΟἙῙ
1170 481 1443 558 Munius
1494 477 1799 564 enm.

470 677 575 748 uibus
596 675 740 745 maxime
765 685 817 738 est
845 687 1023 761 expressus
1037 683 1082 734 et
1110 665 1327 755 profundus3
1353 679 1472 732 contre
1495 661 1533 726 in
1566 659 1747 732 ordinibus
1778 663 2042 756 perfectioribus
2069 689 2160 746 totus

476 808 624 882 quantus
642 781 827 852 evenescit.
861 779 974 868 Quod
996 779 1119 846 uttinet'
1142 778 1382 858 formationem
1409 767 1579 840 medullae
1606 771 1747 861 spinulis
1773 776 1810 843 in
1831 779 2159 855 Memmelium'l'oe·

477 916 532 981 tu,
557 896 739 986 praecipue
759 889 943 980 peculiaria
967 907 1066 959 suuts
1090 889 1216 956 cenelis
1241 887 1342 955 letior
1360 885 1581 971 medullarisr
1605 889 1766 978 copiaco
1788 891 1898 976 major
1917 917 2042 964 messae
2059 899 2159 967 ciue·

475 1031 573 1090 reue,
596 1028 666 1093 quo
689 1000 788 1068 ultius
806 1002 844 1066 in
868 1001 1103 1068 vertebrarum
1120 999 1237 1066 csneli
1256 995 1457 1081 descendite
1479 1001 1590 1083 tutior
1612 999 1809 1068 incrassatio
1837 1006 2025 1088 posterior3
2048 1009 2161 1078 sulcus

359 1177 364 1186 .
472 1089 862 1208 prosumni-inferiore
888 1135 975 1200 quse
993 1113 1105 1178 omniu
1127 1111 1227 1176 uobis
1254 1125 1374 1199 typum
1398 1111 1686 1209 imperfectiorem
1714 1109 1859 1196 uuum,
1893 1112 2162 1203 Ampbibioruut

475 1243 511 1294 et
536 1227 639 1293 etism
659 1225 766 1316 ipsius
789 1223 905 1291 Esocis
928 1223 1028 1290 Lucii
1049 1225 1086 1289 in
1107 1221 1303 1288 memorium
1321 1239 1493 1290 revocent.

514 1335 641 1404 Nerei.

516 1444 623 1512 Nervi
640 1439 822 1508 olfactorii.
867 1441 1034 1509 Ebulbis
1064 1442 1223 1508 oriuntur
1241 1440 1317 1526 iem
1341 1437 1545 1530 descriptio,
1568 1457 1608 1509 ιιι
1640 1441 1676 1508 ἰιι
1707 1441 1845 1511 bomine
1877 1446 1950 1514 fere
1980 1445 2163 1518 decursum

473 1556 628 1622 bebentr
652 1555 688 1618 iu
708 1553 819 1620 Simiis
843 1568 974 1618 tuntum
993 1554 1127 1643 proprii
1146 1550 1271 1618 edenut
1284 1555 1400 1626 nervi,
1426 1555 1487 1642 qui
1502 1553 1610 1620 bulbo
1630 1555 1768 1621 cinereo
1787 1554 1972 1638 desinunt,
2001 1561 2037 1624 in
2051 1559 2164 1628 Pboce

476 1666 621 1734 rituliue
644 1665 741 1730 nervi
755 1661 922 1728 olfactorii
938 1677 1020 1728 eunt
1044 1663 1229 1731 admodum
1246 1662 1354 1729 fortes
1373 1679 1409 1728 et
1431 1662 1621 1729 metendum
1639 1663 1659 1728 J
1667 1666 1875 1740 ecobeon‚
1899 1665 1973 1732 vir.
1989 1669 2100 1747 Dect..
2126 1688 2165 1738 ιιι

473 1781 549 1864 ,jum
580 1775 749 1859 vidimus,
772 1773 817 1838 iu
837 1771 1018 1860 Delphinis
1048 1772 1175 1840 edsunt
1196 1771 1408 1850 tenuissimi,
1431 1769 1557 1862 quibus
1580 1773 1821 1843 Curiosius
1845 1772 1972 1864 eliique
1992 1797 2048 1844 eos
2070 1778 2164 1848 bend

471 1887 647 1956 tribuunt.

523 1995 628 2063 Nervi
647 1993 767 2081 optici.
811 1991 940 2079 Eperi
966 1990 1130 2057 anteriori
1163 2013 1347 2080 corporum
1377 1991 1717 2081 quedrigeminorum
1745 1993 1903 2061 oriuntur
1923 2010 1957 2062 et
1982 1995 2165 2069 decursum

478 2106 523 2175 ud
542 2107 727 2191 marginem
742 2103 954 2192 superiorem
971 2098 1183 2188 gengliorum
1203 2101 1571 2191 hemisphaeriorum
1589 2123 1628 2173 ut
1652 2107 1689 2172 in
1710 2105 1857 2189 Avibus,
1877 2104 1992 2174 locum
2011 2107 2163 2196 bebentb

476 2213 794 2284 cbiesmelorment
810 2230 866 2295 et,
888 2207 1177 2303 quemedmodum
1195 2211 1232 2276 in
1247 2210 1407 2293 bomine,
1431 2211 1630 2298 edoculunr
1651 2235 1723 2280 sese
1738 2229 1890 2281 vertunt.
1933 2215 1975 2281 iu
1994 2221 2168 2289 nonnullis

479 2324 680 2416 speciebus.
695 2327 736 2391 iu
751 2326 942 2418 Leporibus
953 2343 986 2390 ι.
1002 2343 1055 2401 os,
1074 2319 1174 2386 etiem
1187 2319 1294 2386 fibree
1305 2320 1477 2388 secedunt
1494 2323 1766 2414 uersis'opticin
1787 2343 1874 2412 qens
1890 2348 1909 2390 e
1925 2327 2065 2414 gengliie
2077 2331 2165 2404 bec·

478 2435 763 2530 mispbeeriornm
783 2437 1007 2516 emittuntu13
1030 2445 1066 2496 et
1086 2431 1188 2497 etiem
1201 2431 1237 2496 iu
1258 2428 1453 2509 nonnullis,
1473 2432 1522 2498 ite
1536 2451 1575 2502 ιι
1590 2435 1627 2502 in
1644 2433 1910 2524 Ampbibiorum
1930 2437 2057 2520 classe,
2081 2441 2163 2510 lile·

476 2547 600 2617 mentis
616 2548 658 2614 sb
673 2545 755 2636 ipsis
776 2539 1053 2630 hemisphaeriis
1071 2541 1155 2606 ortis
1174 2539 1397 2627 edeugentur.
1439 2542 1483 2610 ln
1508 2545 1687 2625 Muribus,
1703 2545 1834 2629 liettis,
1856 2545 2052 2634 Erineosis,
2074 2552 2166 2622 Ves-

476 2653 740 2746 pertilionibns,
765 2652 864 2719 nervi
888 2666 971 2718 sunt
988 2649 1205 2734 tenuissimi3
1229 2650 1266 2716 in
1279 2653 1493 2741 Leporibus,
1515 2654 1713 2742 Cuniculis,
1735 2659 1885 2739 sciuris,
1903 2664 2016 2747 megni
2029 2681 2113 2734 ‘snut
2132 2677 2169 2734 et

477 2766 616 2836 evoluti.
659 2759 966 2832 bnimedversioue
983 2760 1127 2846 dignum
1153 2776 1224 2837 est.
1248 2783 1370 2828 nervos
1393 2763 1526 2852 opticus
1548 2765 1587 2830 in
1601 2763 1711 2856 Telpe
1735 2789 1807 2833 nou
1824 2767 1968 2858 emplius
1984 2777 2168 2861 emergins

481 2871 851 2948 anteriorilobulorum
873 2870 1069 2958 opticorum
1082 2872 1184 2946 oriri,
1210 2870 1319 2936 sedin
1336 2892 1377 2935 eo
1397 2869 1476 2935 loco
1491 2870 1552 2935 ubi
1574 2870 1729 2939 fescicnli
1739 2875 2018 2962 pyremidelesed
2035 2885 2168 2970 gengliu

480 2981 825 3075 bremispbeeriorum
846 2978 1040 3066 scoeduutt
1061 3003 1103 3048 ex
1122 2981 1163 3047 iis
1176 2977 1358 3048 fasciculus
1375 2975 1540 3044 bbrernm
1556 2981 1650 3064 exit,
1673 2983 1735 3071 qui
1753 3006 1823 3052 sess
1835 3007 1939 3078 suprs
1956 2991 2167 3063 infundibu-

477 3101 572 3182 lum,
596 3119 673 3163 cum
696 3091 802 3160 altero
814 3089 1011 3179 conjungit,
1037 3108 1074 3158 et
1090 3090 1193 3177 igitur
1217 3090 1352 3179 proprii
1368 3088 1465 3157 uersi
1481 3091 1589 3180 optici
1605 3114 1625 3158 e
1642 3091 1768 3160 lobulis
1788 3095 1912 3184 opticis
1929 3102 2075 3170 orientes
2095 3129 2167 3174 non

479 3210 617 3279 adsunt·
659 3205 792 3272 Lusum
811 3201 948 3294 proprii
966 3205 1063 3272 nervi
1090 3215 1281 3292 occupetur
1303 3196 1367 3266 filo
1384 3202 1506 3282 tenui,
1536 3199 1632 3294 quod
1657 3203 1884 3293 Cerus(s)
1901 3209 2038 3275 invenit
2054 3229 2168 3284 ortum

478 3319 607 3388 bebere
621 3315 666 3380 in
685 3309 931 3399 infundibulo,
953 3329 988 3382 et
1003 3335 1074 3381 sess
1092 3335 1171 3380 cunt
1190 3337 1286 3383 remo
1302 3309 1535 3408 opbtbelurioo
1552 3312 1668 3403 quinti
1686 3319 1779 3406 peris
1803 3321 2084 3406 conjungentem.

525 3429 659 3497 Nervus
680 3420 954 3489 oonlomotorius.
997 3425 1106 3488 Ortus
1131 3438 1173 3489 -et
1201 3423 1364 3492 decumus
1395 3421 1470 3490 l'ere
1496 3422 1534 3487 iu
1560 3423 1718 3492 omnibus
1745 3428 1950 3496 vertebratis
1981 3431 2075 3502 idem
2102 3453 2167 3506 est.

364 3521 369 3528 ⁴
482 3536 605 3605 Oritur
626 3551 748 3619 nempe
768 3529 806 3595 in
826 3550 926 3598 crure
945 3533 1081 3600 cerebri
1105 3529 1245 3625 peulum
1265 3549 1345 3601 ente
1372 3545 1514 3622 pontem
1531 3530 1712 3603 Verulii
1734 3553 1770 3607 et
1799 3537 1909 3608 tendit
1934 3537 1978 3606 ecl
1999 3543 2167 3613 musculos

480 3646 730 3725 abductorum,
760 3653 893 3708 rectum
915 3641 1117 3714 inferiorem
1132 3660 1175 3714 et
1193 3666 1354 3732 mugnone
1382 3640 1575 3732 obliquum.
1616 3645 1660 3713 ln
1689 3646 1800 3739 Talpe
1829 3673 1849 3714 e
1875 3650 1984 3717 Cero
2004 3675 2077 3720 non
2104 3677 2166 3721 rs·

475 3775 599 3848 pertus
622 3770 686 3824 est.

524 3873 657 3940 Nervus
673 3865 882 3964 petbetious.
925 3863 1038 3932 Etiem
1061 3881 1101 3934 ut
1120 3867 1158 3934 iu
1175 3866 1339 3933 *omnibus
1360 3864 1429 3951 istu
1448 3861 1633 3958 descriptis
1653 3890 1726 3935 sese
1749 3867 1880 3955 bebere
1906 3870 2015 3938 oritur
2032 3889 2166 3967 operte

483 3983 618 4052 letereli
638 3979 752 4071 pontis
772 3976 975 4060 Verolii,
999 3974 1054 4044 sel
1073 3975 1168 4044 inter
1179 3975 1387 4046 cerebellum
1402 3993 1438 4045 et
1449 3997 1594 4066 oorpore
1613 3980 1882 4070 quadrigemina
1917 3985 1949 4052 Δ
1968 3983 2082 4053 Cere
2102 4005 2168 4052 nee

484 4095 587 4164 etiem
603 4089 811 4157 detectusiu
835 4083 961 4178 Telpu.
1567 4075 1575 4088 '

527 4204 662 4272 Nervus
690 4197 901 4283 trigeminos.
942 4197 984 4266 In
1016 4213 1085 4267 tres
1115 4216 1231 4289 pentes
1262 4196 1334 4266 sive
1364 4217 1476 4268 remos
1506 4199 1610 4271 suem
1635 4201 1672 4268 in
1699 4204 1940 4277 blemmelrbns
1974 4207 2163 4290 divtdtsesg

484 4317 613 4386 Remus
631 4311 783 4400 primns,
805 4303 1058 4397 opbtbslmieus
1076 4308 1113 4376 in
1133 4311 1207 4398 ipse
1223 4313 1365 4380 ceritete
1387 4309 1498 4379 creuii
1513 4335 1533 4376 e
1546 4311 1733 4396 trigemino
1759 4314 1861 4382 detur
1878 4333 1912 4383 et
1932 4339 1996 4404 per
2016 4313 2169 4384 iorumeu

439 4422 443 4430 ’
481 4417 793 4520 spbeeno-orbitsii
811 4417 920 4484 intret
945 4415 1116 4500 orbium,
1137 4414 1255 4507 plures
1274 4420 1349 4487 edit
1364 4443 1497 4502 remos,
1519 4423 1721 4511 praesertim
1741 4425 1891 4511 primum
1917 4422 2021 4490 neseli
2045 4425 2166 4492 eneb-
2219 4444 2223 4454 ·

482 4561 588 4623 gum.
611 4535 708 4616 euius
734 4531 798 4598 slis
820 4528 991 4598 filemente
1012 4544 1201 4618 penetrent
1223 4530 1263 4598 iu
1286 4531 1365 4598 siun
1383 4529 1556 4613 trossuli,
1577 4529 1645 4600 elie
1670 4533 1707 4600 iu
1723 4532 1877 4600 'cevitets
1903 4530 2036 4618 usualis
2058 4555 2167 4624 nutum

480 4648 698 4718 ilementum
716 4639 760 4706 ed
778 4639 969 4710 musculum
994 4636 1180 4711 leuetoresn
1201 4639 1414 4738 pelpebrsss
1438 4665 1547 4712 uuum
1566 4641 1606 4714 iu
1627 4639 1818 4711 musculum
1844 4639 2027 4733 obliquum
2053 4665 2165 4734 sups-

515 4842 575 4919 ίι)
600 4832 887 4908 curassemus
905 4841 972 4906 ets,
989 4837 1134 4915 poesis·
2088 4755 2169 4826 ὼ.
