4992 6138
551 513 906 584 cuttttsttrrtrto
935 531 987 582 su
1015 513 1360 604 Quetesrtotttttt
1392 513 1723 586 ZOOLOGlGlll.
1939 519 1990 588 fa

300 706 459 790 J‘pugunt.
512 697 593 786 Quo
621 697 806 790 perfectior
841 695 1042 784 organisatio
1072 695 1231 781 cerebri,
1256 719 1298 762 eo
1325 697 1518 767 intricatior
1548 697 1681 767 fabrica
1712 715 1756 767 ee
1782 671 1954 766 structura
1971 726 1995 770 s:

301 814 373 894 sic,
404 813 440 876 in
465 807 572 876 listris
593 823 628 873 et
657 807 847 896 Leporibus
869 829 948 896 pars
977 803 1228 872 filamentornm
1258 807 1388 893 ganglia
1414 811 1603 901 posteriora
1635 806 1894 898 quadrigemina
1922 833 1984 878 re·

300 923 509 996 ferentium,
531 916 662 982 secedit
689 917 873 1010 areliquis
904 934 938 983 et
964 915 1120 1004 gauglion
1146 916 1276 985 format
1294 920 1330 985 in
1357 918 1484 1001 latera,
1515 943 1640 1010 corpus
1665 921 1896 1008 geniculatum
1919 945 1994 990 exv

304 1053 441 1104 usuum
460 1047 611 1128 vocatum
633 1033 824 1116 (posterius
851 1027 1042 1096 secundum
1067 1030 1257 1116 Carum).

345 1146 523 1216 Sic-massa
551 1139 699 1206 secunda
723 1164 795 1208 sese
815 1143 851 1208 in
880 1141 1037 1210 Gliribua
1072 1140 1190 1208 babet.
1231 1141 1502 1230 Vespertiliones
1531 1161 1709 1232 etgenera
1728 1142 2000 1236 imperfectior»

303 1258 570 1326 Geraisororum
602 1253 683 1318 satis
710 1276 787 1319 cum
809 1253 964 1322 Gliribus
997 1253 1217 1320 conveniunt.
1261 1252 1302 1319 In
1330 1255 1643 1344 vespertilionibus
1672 1255 1758 1322 haec
1790 1279 1895 1324 massa
1923 1279 1991 1322 re·

302 1385 423 1462 apoctn
446 1369 599 1456 primae.
632 1363 717 1430 mira
750 1365 874 1449 gaudet
894 1363 1154 1450 magnitudines
1178 1387 1271 1453 quae
1299 1367 1514 1454 proprietas,
1540 1391 1700 1447 cumea,
1724 1393 1792 1459 qua
1815 1392 1884 1435 non
1906 1389 1999 1436 cor·v

304 1503 392 1572 pora
408 1477 665 1570 quadrigemina
680 1475 956 1564 hemisphaeriis
976 1491 1156 1561 teguntur,
1178 1474 1302 1538 iterum
1322 1475 1358 1542 in
1382 1483 1730 1548 memmismaesoeat
1747 1479 1992 1566 imperfectio·

304 1593 501 1666 sumetiam
528 1605 684 1682 respectu
716 1589 848 1676 primae
876 1609 1002 1654 massae
1030 1587 1069 1651 in
1098 1581 1410 1676 Vespertilionibus
1438 1590 1546 1680 majus
1581 1590 1710 1658 habent
1736 1589 1912 1659 volumen..
1948 1591 2004 1656 In*

306 1699 485 1770 ordinibus
518 1700 780 1790 perfectioribus
807 1698 914 1766 forma
943 1719 1068 1764 massae
1093 1690 1264 1762 secundae
1287 1697 1390 1780 magis
1411 1697 1586 1786 magisque
1611 1701 1654 1768 sd
1677 1697 2002 1770 formam-hominis.

305 1813 578 1904 appropinquat.
622 1808 766 1896 Ganglia
785 1807 1129 1898 hemisphaeriorum
1150 1805 1278 1886 maiora
1298 1820 1333 1870 ot
1351 1807 1452 1892 magis
1475 1807 1611 1894 globosa
1631 1812 1743 1880 fiunta
1765 1827 1801 1879 et
1821 1831 1889 1902 quo
1910 1809 2000 1876 for·-

307 1925 410 1994 tiores
432 1923 528 1988 uersi
551 1921 680 2012 optici,
706 1944 747 1987 eo
768 1919 891 1988 clarius
912 1939 1036 2002 corpus
1056 1911 1287 2002 geniculatum
1305 1933 1500 1985 externum.

348 2033 459 2102 Massa
478 2033 589 2098 tertia.
632 2031 748 2098 Primo
771 2031 809 2097 in
842 2027 1018 2105 Gliribus,
1051 2041 1091 2092 ut
1122 2029 1338 2101 cummassis
1363 2027 1589 2096 anterioribus
1620 2029 1784 2114 fecimus,
1805 2027 1996 2114 investige-

304 2165 393 2216 mus.
440 2145 481 2210 ln
505 2142 686 2228 generibus
705 2139 1018 2233 imperfectioribus
1043 2134 1218 2212 Glirium,
1246 2136 1378 2207 fabrica
1399 2139 1735 2230 simplas-essebelli
1765 2142 1864 2210 nobis
1901 2159 2001 2208 cere-

304 2251 431 2330 bellum
449 2257 559 2322 srium
578 2255 611 2320 iu
631 2258 995 2325 memoria-aremus.
1039 2249 1149 2316 Etiam
1159 2251 1200 2315 iri
1221 2277 1260 2320 ea
1279 2250 1383 2320 classe
1409 2269 1542 2320 constat
1562 2278 1581 2322 e
1603 2277 1708 2322 massa
1726 2253 1862 2330 lationi,
1887 2273 2001 2340 quam.

304 2363 475 2450 longioris
514 2367 551 2428 in
583 2385 650 2452 qua
689 2361 856 2452 profundi
892 2360 980 2428 sulci
1010 2374 1125 2449 partes
1163 2358 1319 2428 laterales
1351 2362 1508 2430 nondum
1538 2386 1558 2428 a
1586 2379 1685 2452 parte
1710 2361 1844 2442 media,
1876 2361 1991 2446 (pro-

306 2491 407 2542 eesen
436 2471 673 2562 vermiculari)
710 2487 883 2562 separant.
936 2470 1053 2538 Partes
1076 2476 1154 2554 (ι)
1182 2470 1337 2538 laterales
1364 2473 1402 2539 in
1437 2473 1566 2540 Avibus
1599 2473 1814 2564 descriptae,
1849 2491 1932 2560 quas
1955 2467 1998 2532 ita

305 2585 414 2654 Eeoce
437 2583 544 2650 Lucio
565 2585 631 2666 iam
658 2581 828 2665 vidimus,
850 2583 954 2650 etiam
972 2583 1030 2649 hie
1048 2581 1188 2650 adsunt.
1233 2579 1271 2647 Si
1298 2579 1594 2668 longitudinaliter
1624 2582 1858 2672 perscinditur
1889 2605 1989 2648 cere·

305 2690 462 2768 bellum,
496 2709 665 2783 apparent
696 2693 863 2786 quaedam
893 2691 1022 2782 plicae,
1053 2713 1121 2759 neo
1152 2715 1223 2760 nou
1252 2693 1377 2760 cavitas
1410 2695 1604 2785 quaedam,
1635 2695 1673 2762 ia
1710 2694 1866 2766 Gliribus
1895 2715 2002 2782 quam

306 2805 345 2873 iu
359 2803 619 2896 perfectioribus
641 2805 843 2873 animalibus
864 2804 967 2891 hujus
988 2799 1100 2871 classis
1128 2803 1338 2873 distinctior.
1378 2807 1498 2893 Margo
1509 2808 1662 2874 anterior
1683 2831 1760 2875 cnm
1789 2804 1994 2893 corporibus

308 2910 575 3006 quadrigeminis
602 2917 788 3001 conjuncta
816 2929 891 2994 est,
911 2929 950 2980 ut
975 2913 1011 2979 iu
1048 2914 1182 2983 balbus
1214 2937 1292 2983 curn
1325 2911 1448 2980 lohulis
1483 2917 1633 3008 opticiss
1666 2916 1888 3004 quodetiam
1926 2917 1993 2982 ttr-

306 3019 489 3092 mendici
515 3039 626 3108 potest
648 3043 882 3110 argumentum
901 3044 968 3111 pro
991 3023 1172 3112 opinione,
1204 3048 1268 3115 par
1292 3028 1440 3117 primum
1465 3023 1676 3114 gangliorum
1699 3025 1833 3096 lobnlos
1865 3029 2003 3116 opticoa

306 3138 450 3210 aalma.
494 3137 590 3204 Sicut
609 3136 646 3198 iu
670 3156 776 3201 masaa
811 3132 925 3223 prima
952 3154 1075 3200 novam
1103 3133 1250 3201 vidimus
1282 3134 1447 3202 accedere
1469 3151 1770 3226 partem,.nempe
1792 3139 1999 3228 commissu·⁸

306 3273 384 3322 sam
404 3249 584 3318 maximam
605 3245 674 3309 sire
695 3263 819 3327 eorpus
843 3239 1025 3322 callosum,
1045 3245 1148 3312 etiam
1170 3241 1227 3309 hie
1259 3245 1296 3310 in
1324 3241 1495 3312 cerebello
1510 3289 1513 3296 -
1530 3265 1651 3312 nosaan
1675 3261 1810 3331 partem
1845 3255 2000 3336 agnosei-

307 3380 384 3430 ntts
412 3347 812 3438 comitem.perfcctioris
839 3347 1011 3436 fabricae,
1036 3376 1162 3446 nempe
1191 3355 1468 3429 commissuram,
1492 3377 1597 3444 qnam
1623 3355 1725 3424 Gall
1759 3361 1877 3427 statuit
1908 3383 2000 3449 pon—

308 3485 377 3541 tem
393 3465 569 3543 Varolii
594 3483 687 3542 esses
710 3461 746 3526 in
768 3459 809 3524 iis
823 3457 1023 3528 animalibus
1046 3486 1187 3541 revera,
1209 3464 1270 3530 ubi
1293 3461 1629 3553 imperfectissimam
1656 3466 1753 3536 adest
1767 3469 2000 3550 cerebellum..

309 3581 413 3650 etiam
439 3579 580 3646 minima
604 3589 656 3641 est
680 3572 978 3656 commissura,.v.
1001 3597 1030 3642 o.
1063 3577 1100 3642 in
1133 3575 1299 3644 Glirihns.
1343 3571 1540 3641 Decussatio
1571 3573 1738 3644 librarum
1767 3581 1882 3668 pontis
1917 3606 1996 3649 cum

312 3691 411 3762 fibris
437 3685 608 3756 medullae
637 3680 859 3767 oblongatae,
889 3679 927 3746 iu
953 3680 1109 3750 Gliribus
1141 3699 1176 3750 et
1197 3684 1355 3752 universe
1379 3687 1416 3750 in
1443 3681 1678 3749 Mammalibns
1706 3681 1795 3751 clare
1829 3710 1996 3780 apparet,

312 3800 398 3870 dum
413 3800 451 3867 in
475 3799 516 3866 iis
538 3820 557 3864 s
579 3791 723 3862 dirersis
751 3804 884 3858 constat
905 3792 1032 3859 stratis.
1075 3793 1117 3859 ln
1144 3790 1300 3862 Gliribus
1326 3792 1611 3884 perfectioribus,
1636 3789 1696 3854 ubi
1721 3791 1856 3865 latiores
1873 3801 2011 3870 adsunt·

312 3911 423 3984 lobuli
442 3906 618 3990 laterales,
640 3903 741 3974 etiam
763 3897 981 3968 latior.adest
1006 3923 1106 3989 pons·

353 4021 399 4097 tn
425 4008 967 4110 vespertilionibusesrsuettnm
991 4035 1094 4105 quarn
1122 4011 1274 4082 mxime
1291 4029 1344 4082 sat
1364 4011 1583 4096 adauctum..
1599 4017 1695 4106 qnod
1714 4041 1787 4088 non
1812 4019 2005 4091 lohulisla·
2146 4043 2150 4052 ·

1946 4151 2008 4202 ie·

347 4293 407 4376 (sl
428 4287 539 4362 ttett,
563 4285 674 4360 Gatt,
699 4283 954 4355 Tiedenann,
979 4281 1125 4343 Franks
1152 4283 1286 4344 dixerunt
1299 4293 1401 4364 partes
1427 4283 1511 4344 barca
1535 4285 1667 4346 laterales
1697 4287 1822 4365 origines
1839 4309 1901 4350 esse
1924 4289 2007 4350 lobu-

312 4391 408 4458 κω
426 4387 586 4450 lateralium
597 4381 731 4443 wsbelli
745 4383 777 4439 lu
790 4379 959 4440 animalibus
973 4379 1196 4458 perfettiotibus.
1232 4379 1309 4451 atii,
1331 4390 1365 4437 nt
1382 4379 1552 4440 llallerus
1571 4385 1620 4461 (de
1631 4387 1750 4446 cerebro
1766 4387 1892 4456 Asiam,
1912 4389 2020 4466 Opes..

314 4470 436 4556 firm,
459 4495 529 4544 m,
546 4489 573 4544 a.
597 4499 660 4560 pap.
680 4479 751 4555 res.)
777 4475 954 4554 &meamet
974 4475 1115 4536 cembello
1137 4475 1241 4536 Arium
1252 4493 1412 4554 processum
1431 4477 1663 4554 vermiculasem,
1686 4492 1716 4538 et
1728 4485 1828 4542 disent
1845 4481 2008 4542 a-solialo·

317 4581 568 4648 hliahteralihus
591 4585 730 4636 consusc-
765 4572 852 4633 Casi
874 4573 972 4652 opinio
984 4583 1031 4633 est
1038 4615 1049 4648 ,
1070 4571 1243 4632 cerebellum
1257 4571 1380 4644 Arium,
1402 4580 1435 4629 et
1453 4571 1549 4646 itaqua
1572 4577 1656 4634 etiam
1677 4577 1817 4654 Gliriurn,
1841 4588 1899 4636 tres
1913 4589 2009 4656 pastas

315 4677 445 4752 seium,
468 4675 519 4735 aad
538 4675 570 4731 lu
597 4673 632 4734 iis
656 4667 823 4733 animalibus
852 4677 1051 4735 tantm-naa
1079 4671 1148 4734 satis
1169 4668 1405 4732 sanastutanaas
1430 4677 1462 4727 et
1495 4669 1662 4748 maresa,
1688 4675 1767 4752 quad
1799 4673 2014 4755 psoptiumaat

313 4765 635 4850 mmm
1317 4857 1353 4928 R
