4992 6138
477 507 521 582 u
830 495 1111 570 csltott
1163 495 1440 574 Mtntttt
1493 493 1798 588 ututur,

526 687 658 760 Nessus
686 681 884 770 trigcmiuus
909 697 978 750 tros
995 701 1132 762 rsmcs,
1155 679 1449 772 ophthalmicum,
1470 681 1678 752 maxillarum
1707 679 1938 772 superiorem,
1958 683 2169 754 maxillarum

485 801 683 868 iuscriorcm
700 793 796 878 edita
820 794 882 884 qui
902 795 990 860 rasni
1008 793 1194 862 decursum
1214 808 1255 860 ut
1273 795 1309 860 iu
1331 795 1438 860 Esocc
1455 811 1490 861 ct
1515 791 1712 885 Amphibiis
1731 791 1876 862 habunt.

524 915 655 982 Nervus
675 907 863 976 abducens.
907 905 1077 974 Decursus
1098 923 1137 970 ut
1151 907 1187 970 iu
1207 903 1367 972 omuibus
1388 903 1614 991 vertebratisp
1637 910 1676 975 in
1695 908 1934 979 Mammalibus
1958 907 2168 977 describun-

481 1027 544 1096 (lus
564 1025 643 1092 etii·

525 1135 659 1204 Nervus
678 1127 814 1220 septimi
834 1128 947 1215 pasis,
971 1125 1223 1193 communicans
1246 1125 1359 1196 facici.
1405 1128 1510 1196 Utin
1533 1128 1752 1220 Amphtbtta,
1783 1155 1926 1201 uersum
1951 1129 2069 1198 adesse
2098 1134 2172 1200 Cu·

481 1245 648 1319 viarius
674 1243 840 1326 affirmat,
870 1239 931 1308 sed
957 1241 1066 1306 ctiam·
1086 1253 1224 1305 tenuem
1255 1263 1327 1306 ussc
1361 1257 1395 1307 ct
1429 1263 1540 1306 ramos
1565 1239 1750 1309 difficulter
1771 1267 1872 1332 posse
1904 1243 2091 1329 distingoi3
2125 1245 2171 1310 ob

481 1359 652 1432 labiorum
672 1353 868 1436 delectum,
893 1371 957 1441 pro
976 1347 1120 1416 maxims
1142 1367 1239 1438 parte
1260 1352 1345 1416 rami
1364 1372 1433 1416 nou
1451 1351 1642 1438 exsistuut3
1669 1370 1811 1421 truncus
1836 1378 1972 1442 semper
1997 1355 2105 1424 adest·

522 1471 656 1540 Nervus
678 1466 858 1534 seusticus.
903 1463 964 1529 Est
987 1481 1117 1526 crassus
1141 1477 1176 1527 ct
1199 1460 1332 1528 mollita
1369 1461 1405 1525 in
1435 1459 1545 1527 canali
1565 1465 1742 1554 profundo
1764 1470 1918 1534 internae
1943 1465 2044 1533 {aciei
2065 1468 2173 1534 cranii

487 1580 679 1670 rccipiunt
704 1593 738 1644 ot
755 1578 803 1642 sic
821 1599 886 1666 per
904 1573 1003 1664 plura
1019 1569 1187 1638 foramina
1209 1575 1317 1640 intrat
1331 1570 1579 1663 labyrinthum·

527 1693 658 1760 Nanos
680 1685 1022 1774 glossopbaryugcus.
1066 1683 1115 1751 Ut
1136 1684 1172 1748 in
1193 1683 1412 1775 Ampbibiis,
1436 1685 1494 1750 hic
1518 1685 1620 1749 etiam
1645 1709 1789 1756 narrum
1812 1705 1981 1756 mutatum
2003 1687 2172 1756 vidimusa

485 1803 588 1871 linem
604 1797 711 1866 habet
734 1798 770 1863 iu
788 1798 885 1884 apice
905 1792 1064 1878 liuguae,
1091 1807 1274 1883 postquam
1297 1794 1457 1862 musculis
1475 1796 1627 1863 uictoriis
1649 1820 1759 1866 ramos
1778 1799 1887 1868 dedis.
1932 1801 2171 1869 Cusierius

481 1915 651 1984 docuistis
670 1909 864 2000 exemplum
886 1904 1001 1973 datiu
1030 1903 1185 1970 Ciconia.
1241 1904 1412 1972 Ecrsuio
1432 1906 1502 1972 exit
1529 1931 1592 2002 pcr
1625 1909 1778 1977 loramou
1810 1911 1985 1998 analogum
2012 1911 2172 1978 loramioi

481 2029 595 2094 lacero
615 2024 796 2114 posteriori
816 2036 851 2088 ct
873 2017 941 2084 sub
961 2017 1101 2082 auribus
1124 2013 1293 2103 positum,
1324 2017 1448 2084 Factus
1470 2017 1520 2084 ibi
1545 2043 1564 2084 e
1589 2016 1724 2087 duobus
1751 2020 1818 2088 iilis
1836 2045 1907 2088 sesa
1926 2023 2171 2109 conjungenti-

484 2135 570 2222 bus,
593 2135 706 2202 statim
726 2129 883 2219 gaugliou
906 2125 1178 2220 quadrangulare
1199 2125 1322 2194 format
1332 2154 1344 2214 3
1378 2127 1471 2219 quod
1491 2129 1649 2216 gangliou
1677 2129 1774 2197 filum
1798 2147 1901 2198 tenue
1923 2133 2100 2200 internum
2131 2131 2176 2200 acl

485 2247 655 2320 musculos
678 2243 758 2314 rolli
774 2243 899 2325 mittit,
923 2263 988 2306 nec
1012 2262 1083 2305 oon
1103 2239 1201 2307 filum
1218 2239 1259 2307 ati
1286 2257 1446 2309 octavum
1467 2265 1530 2332 par
1555 2262 1744 2312 strumum
1769 2262 1920 2312 crassum
1949 2245 1986 2310 in
2011 2245 2177 2313 anteriori

487 2361 568 2432 colli
590 2357 785 2452 superlicio.
832 2354 978 2421 Ultimos
995 2375 1133 2436 ramus,
1157 2376 1175 2419 a
1203 2353 1338 2440 gauglio
1367 2355 1501 2440 editus,
1523 2354 1718 2445 oblongatio
1736 2345 1788 2422 est
1813 2356 1919 2446 ipsius
1939 2359 2036 2426 uerri
2051 2384 2062 2427 ι
2080 2363 2177 2446 juxta

481 2473 704 2570 oesophaguur
721 2466 921 2550 descendit,
946 2480 981 2532 ot
998 2466 1035 2532 iu
1058 2463 1144 2532 duos
1164 2485 1236 2534 susc
1256 2465 1381 2535 dividit
1395 2491 1525 2554 ramos,
1551 2491 1798 2562 quorumunus
1821 2491 1940 2536 rursus
1965 2469 2177 2538 adscendens

482 2605 518 2658 ct
546 2608 617 2654 scau
646 2579 856 2650 distribuens
889 2578 924 2644 in
943 2577 1025 2645 ossis
1045 2574 1183 2667 byoidei
1200 2575 1396 2663 musculos,
1427 2579 1514 2648 altor
1532 2581 1747 2650 descendeus
1772 2583 1810 2648 in
1830 2581 1937 2650 latero
1971 2583 2175 2676 oesophagi,

480 2724 613 2770 ramum
631 2695 692 2764 dat
707 2693 872 2784 liuguali,
894 2712 974 2760 cum
992 2712 1064 2783 quo
1090 2691 1318 2759 anastomosin
1344 2691 1440 2766 lacit.
1487 2693 1633 2790 Reliqua
1655 2693 1772 2784 portio
1795 2695 1834 2761 iu
1857 2697 2042 2784 superficie
2073 2711 2175 2764 osso·

480 2811 585 2906 pbassi
611 2825 738 2878 martct·
1186 2793 1191 2804 ¹

524 2927 657 2995 Nervus
676 2944 790 3010 sagus.
833 2917 939 2988 Utin
960 2911 1202 2986 Mammalibus
1231 2931 1349 3003 postca
1378 2913 1648 2999 describendus,
1681 2937 1753 2983 scsc
1775 2913 1908 3002 habet3
1942 2937 2014 2984 uon
2042 2933 2086 2986 ss
2104 2937 2175 2990 ιιιιο

485 3051 635 3110 trunco,
657 3053 721 3126 por
738 3032 881 3100 uuicum
898 3028 1074 3104 loramuu,
1097 3025 1277 3099 nasciturs
1303 3025 1365 3098 ssd
1384 3027 1518 3097 duobus
1546 3027 1601 3099 rol
1620 3029 1732 3098 tribus
1754 3029 1820 3098 iilis
1835 3052 1909 3098 sese
1929 3029 2175 3118 conjungenti·

481 3149 547 3216 hus
569 3167 647 3214 oum
668 3165 764 3210 ramo
785 3137 1087 3234 glossopharyugci
1104 3151 1140 3204 et
1157 3135 1326 3226 liugualis.

525 3259 566 3326 iu
586 3257 764 3324 thoracum
780 3249 963 3358 descendit
976 3267 1010 3320 ct
1027 3251 1065 3318 iu
1081 3247 1302 3341 pulmonibus
1320 3273 1392 3320 soso
1404 3249 1605 3340 distribuit,
1620 3275 1687 3322 uec
1701 3275 1773 3320 uon
1790 3251 1828 3319 iu
1847 3251 1969 3332 cordo,
1986 3249 2179 3348 oesopbsgc

484 3381 521 3436 ct
539 3361 756 3436 ventriculos
782 3361 903 3452 plexus
929 3363 1054 3432 format
1080 3363 1174 3430 circa
1191 3361 1278 3430 haec
1304 3384 1450 3450 organa,
1473 3381 1513 3432 ut
1536 3365 1771 3457 sympathicus
1792 3365 1884 3432 circa
1901 3385 2012 3434 ramos
2028 3367 2178 3438 masta-

484 3499 563 3547 sum
582 3477 619 3541 iu
636 3473 890 3545 Mammalibus.
935 3473 1007 3563 Qui
1023 3487 1173 3540 mutatus
1197 3481 1279 3543 situs
1303 3491 1338 3543 ut
1369 3471 1534 3546 decursus
1555 3481 1674 3564 uerri,
1698 3479 1758 3547 hic
1781 3477 1819 3544 iu
1843 3477 1996 3564 Avibus,
2017 3489 2059 3550 ut
2078 3494 2178 3552 antea

483 3593 522 3660 iu
544 3585 763 3682 Amphtbtta,
785 3609 803 3654 c
822 3601 954 3655 mutato
969 3594 1121 3682 partium
1137 3591 1206 3658 situ
1233 3585 1437 3676 explicatur.

525 3701 659 3772 Nervus
688 3697 922 3796 hypoglossus.
967 3703 996 3770 E
1022 3703 1166 3786 uranio,
1187 3723 1252 3792 par
1269 3697 1426 3767 iorumou
1442 3715 1522 3791 post
1537 3718 1678 3786 sagum,
1702 3697 1797 3768 cuitu
1820 3697 1974 3767 foramen
1998 3701 2178 3789 analogum

483 3828 537 3882 cst
558 3809 800 3901 condyloiclco·
834 3809 982 3882 Gracilis
1003 3815 1041 3882 iu
1062 3812 1194 3900 origine
1215 3831 1334 3902 vagum
1347 3809 1504 3878 decurtat
1525 3824 1560 3881 ot
1578 3832 1648 3878 susc
1668 3811 1795 3899 partim
1816 3809 1995 3897 conjungit
2013 3829 2092 3880 cum
2109 3824 2176 3896 cot

484 3943 593 4016 porro
613 3921 725 3991 tendit
743 3923 922 4004 anterius,
946 3942 981 3995 ct
1010 3924 1075 3994 sub
1106 3942 1219 3992 cornu
1247 3922 1330 3988 ossis
1352 3919 1493 4010 bpoicici
1514 3919 1673 3989 decussat
1703 3921 2075 4012 Glossopharyngeum.
2119 3923 2178 3995 Aa

438 4067 448 4082 ·
486 4035 662 4124 laryugcm
682 4034 897 4120 superiorem
921 4033 1053 4119 tondit,
1075 4031 1161 4116 ubi,
1185 4044 1369 4122 postquam
1390 4027 1519 4099 divisus
1540 4049 1592 4099 cst
1613 4030 1753 4100 induor
1781 4053 1911 4118 ramos,
1935 4033 2090 4121 dusirtit3
2113 4027 2176 4100 lu·

485 4143 941 4232 tariotarum-iuraverat„
970 4147 1194 4234 sublingua,
1218 4140 1374 4232 superios·
1400 4159 1507 4232 supra
1534 4157 1570 4210 et
1586 4141 1625 4209 iu
1651 4140 1769 4228 lingua
1789 4141 1895 4212 finem
1921 4141 2038 4213 babet.
2080 4135 2177 4222 ‘hiis

483 4269 608 4324 uenus
629 4255 668 4320 iu
686 4253 805 4320 avibus
826 4253 946 4340 adest,
970 4259 1067 4344 cujus
1089 4255 1221 4324 nullum
1235 4252 1413 4342 vestigium
1431 4257 1470 4322 iu
1486 4255 1595 4323 Esoou
1609 4255 1796 4347 reperitur.

527 4365 661 4437 licrvtss
684 4365 915 4457 sympathious
944 4369 1034 4458 (a).
1077 4365 1191 4456 Quam
1210 4363 1420 4434 exactissimo
1440 4362 1635 4456 descriptus
1661 4365 1837 4435 iuvenitur
1866 4367 1904 4434 iu
1932 4367 2038 4434 Aust.
2053 4367 2176 4459 Comp-

480 4477 794 4574 ucrtisympatbici
824 4477 1027 4561 Wchcri,
1051 4479 1150 4566 cujus
1179 4473 1370 4567 descriptio
1392 4477 1460 4545 hou
1480 4473 1557 4544 lcuo
1573 4499 1592 4542 a
1609 4474 1797 4546 lectoribus
1822 4477 1949 4545 uostris
1970 4475 2181 4554 confamula

475 4609 542 4666 stt·
590 4593 703 4675 Asos,
727 4609 810 4682 quas
824 4586 1007 4675 dissecuit,
1032 4604 1113 4661 suot
1131 4587 1241 4670 ano,
1265 4585 1386 4663 Gallus
1415 4585 1640 4684 gallinaceus,
1673 4583 1862 4673 Columba,
1893 4583 1998 4658 Picus
2030 4579 2177 4675 viridis,

2087 4693 2156 4784 &a

505 4853 565 4942 (ι)
583 4843 671 4932 Ι(ιοιιῆ
691 4841 848 4923 Walter,
865 4847 950 4912 sust.
973 4845 1081 4944 pomp,
1101 4847 1190 4918 iitsri
1214 4847 1394 4932 mussat
