4992 6138
608 491 963 574 concurram
996 503 1049 558 sn
1078 487 1424 582 Qusrsrronnu
1452 485 1780 562 zooroorcaru.
1998 515 2038 582 ι.

353 685 470 762 tenelit
490 695 527 754 et
546 701 623 754 eum
643 699 685 746 ec
706 699 779 748 sese
808 675 1010 766 conjungite
1043 671 1126 741 teia
1156 669 1493 768 perpendiculariter
1522 672 1705 743 descendit
1733 689 1769 741 et
1795 695 1860 764 pes
1885 670 2036 768 canalem

351 800 464 890 (Τὼ.
493 817 527 867 s·
561 792 636 881 Fig.
671 795 708 864 5.
734 793 782 882 l.)
815 787 898 856 cesis
933 784 1104 875 squamosi
1133 781 1310 867 decurrit,
1344 799 1428 853 tunc
1465 787 1562 871 juxta
1597 786 1784 871 marginem
1810 785 2035 876 posteriorem

353 908 510 1002 operculi
531 902 714 976 descendit
739 902 834 969 etin
857 893 941 963 duos
968 895 1082 984 (Teb.
1100 915 1133 962 e.
1161 895 1234 982 Fig.
1250 898 1285 966 5.
1308 919 1354 963 m.
1378 900 1438 981 n.)
1471 917 1608 981 magnos
1637 917 1709 963 rese
1739 894 1865 965 dividit
1894 918 2031 980 remcse

351 1042 441 1088 unus
466 1017 623 1084 fissuram
652 1015 761 1080 intrat
783 1013 879 1076 inter
906 1002 1107 1094 operculum
1138 1021 1173 1072 et
1209 1005 1494 1097 praeoperculum
1525 1023 1560 1074 et
1591 1005 1627 1074 in
1662 1008 1844 1095 superficie
1875 1007 2036 1078 exteriori

352 1139 470 1190 rursus
505 1120 544 1184 in
575 1116 660 1186 duos
684 1117 831 1186 remulce
864 1115 976 1205 (Τὼ.
1000 1136 1032 1183 a.
1065 1119 1188 1204 Fig.1.
1217 1142 1248 1189 ο.
1259 1118 1325 1204 p.)
1357 1138 1430 1185 sese
1461 1112 1612 1193 dividit,
1647 1139 1793 1207 quorum
1826 1141 1916 1186 nnus
1947 1118 2036 1184 sub·

352 1230 513 1298 stantiam
549 1227 658 1296 intret
692 1249 843 1306 osseam,
874 1228 961 1295 alter
987 1227 1025 1293 in
1054 1224 1223 1294 musculos
1250 1247 1323 1293 sese
1346 1223 1482 1295 dividit.
1537 1226 1661 1294 Remus
1696 1225 1782 1294 alter
1813 1233 1908 1316 juxta
1938 1253 2040 1320 mer·¹

353 1337 467 1423 ginem
503 1334 621 1420 (Teb.
640 1358 672 1405 r.
704 1337 774 1423 Fig.
793 1342 827 1407 5.
852 1361 889 1405 rr·
907 1345 972 1428 q.)
999 1335 1153 1427 operculi
1179 1335 1293 1404 tendit
1314 1348 1351 1399 et
1378 1336 1468 1421 petit
1491 1337 1677 1421 marginem
1707 1337 1906 1406 inferiorern
1929 1337 2036 1404 sterni

353 1450 446 1517 etin
464 1448 671 1516 membranis
697 1446 763 1514 hoc
789 1469 826 1512 cs
849 1446 1042 1532 tegentibus
1070 1444 1253 1513 evanescit·
1296 1443 1585 1531 Coniuncticucm
1617 1469 1695 1518 cum
1718 1471 1814 1516 remo
1843 1445 2036 1515 submaxil·

353 1559 446 1645 lari,
472 1560 517 1627 de
541 1585 609 1650 que
631 1557 894 1632 Cuvierius,
927 1576 997 1624 non
1017 1555 1102 1625 vidi.

395 1671 582 1760 Postquam
604 1696 727 1741 nervus
756 1668 953 1754 trigeminos
975 1689 994 1733 e
1016 1665 1135 1734 manin
1155 1666 1261 1742 exiit.
1281 1667 1319 1731 in
1340 1681 1409 1734 tres
1433 1667 1545 1752 (Τὼ.
1563 1689 1595 1736 a.
1617 1669 1690 1758 Fig·
1710 1693 1740 1740 ι.
1759 1695 1839 1760 guo.
1849 1669 1905 1758 fi)
1927 1685 2038 1736 ramos

352 1781 555 1872 praecipuos
573 1779 750 1851 dividitur.
793 1781 918 1848 Remus
939 1779 1070 1870 primus
1087 1777 1201 1860 (Tab.
1219 1796 1250 1844 r.
1272 1775 1345 1861 Fig.
1366 1798 1396 1845 a.
1416 1776 1487 1861 g.)
1511 1795 1651 1845 vocatur
1674 1779 1954 1870 ophthalmicus,
1977 1777 2038 1866 qui

354 1919 373 1960 a
393 1915 488 1960 ramo
512 1891 698 1981 principali
719 1889 849 1958 secedit
863 1907 899 1956 et
918 1906 1001 1956 tnnc
1019 1904 1162 1954 truncus
1181 1885 1218 1954 iu
1239 1883 1325 1952 duos
1342 1906 1453 1955 remos
1474 1885 1668 1974 dividitur,
1690 1913 1796 1958 unum
1814 1909 1881 1982 pro
1898 1882 2034 1953 maxilla

357 2001 554 2091 superiore,
576 2001 720 2070 alterurn
740 2022 805 2088 pro
827 1997 964 2067 maxilla
983 1997 1150 2068 interiori.

1172 2218 1223 2281 a.

398 2426 523 2492 Remus
548 2414 824 2508 ophthalmicus,
848 2418 909 2509 qui
928 2419 999 2504 jam
1015 2413 1050 2481 in
1080 2408 1240 2500 angulum
1260 2401 1471 2494 superiorem
1499 2417 1724 2499 posteriorem
1743 2417 1895 2486 caritatis
1914 2416 2005 2482 oculi
2023 2441 2043 2480 a

356 2556 464 2604 ncrrc
481 2529 665 2618 trigemino
690 2525 839 2612 secedit,
860 2528 896 2593 in
920 2526 1005 2593 duos
1028 2525 1145 2606 (Τὼ.
1163 2545 1195 2590 r.
1217 2521 1291 2606 Fig.
1313 2538 1344 2586 1·
1365 2540 1401 2584 u·
1420 2519 1481 2604 b.)
1503 2521 1692 2596 dividiture
1716 2548 1865 2616 quorum
1893 2549 1981 2592 uuus
2008 2527 2047 2592 in

358 2643 533 2735 superiore
566 2653 667 2730 parte
698 2636 852 2704 caritatis
877 2635 988 2719 oculi,
1023 2637 1120 2722 juxta
1148 2646 1311 2722 quartum
1338 2649 1403 2714 per
1436 2635 1613 2720 procurrit
1644 2653 1680 2706 et
1712 2656 1777 2723 per
1802 2637 1936 2704 sulcum
1962 2637 2044 2704 cesis

357 2751 518 2824 frontalis
535 2745 716 2817 anterioris
740 2748 864 2814 mansit
884 2761 919 2812 et
939 2765 1010 2812 sese
1033 2743 1209 2812 distribuit
1230 2744 1267 2810 in
1288 2745 1521 2816 membranam
1541 2747 1739 2840 pituitcsam
1758 2749 1842 2814 nasi.

399 2863 500 2935 Alter
528 2877 663 2936 ramus,
685 2857 782 2942 juxta
802 2870 837 2923 et
860 2875 965 2943 supra
995 2855 1084 2922 remi
1113 2870 1249 2944 partem
1279 2873 1347 2942 prc
1381 2853 1518 2921 maxilla
1548 2857 1754 2944 superiore,
1787 2855 1971 2926 descendit
2001 2861 2046 2926 ed

358 2974 547 3061 marginem
561 2969 766 3037 exteriorem
784 2985 820 3036 et
835 2962 1062 3060 posteriorem
1077 2967 1228 3036 caritatis
1243 2961 1355 3031 cculie
1378 2963 1555 3053 procurrit
1574 2968 1672 3051 juxta
1692 2967 1882 3054 marginem
1900 2969 2048 3038 inferio-

356 3107 456 3170 eamg
480 3103 590 3172 usque
609 3078 654 3147 ad
671 3079 879 3149 anteriorem
893 3097 965 3143 sese
987 3073 1165 3164 extendite
1189 3076 1350 3145 hocloco
1375 3097 1499 3144 neruus
1531 3075 1678 3148 orbitam
1694 3079 1862 3168 relinquit
1886 3093 1921 3144 et
1939 3101 2048 3166 supe·

362 3199 456 3266 ricra
473 3213 590 3262 rersus
610 3188 811 3269 adscendit,
834 3187 899 3256 sub
918 3185 1123 3254 frontalibus
1141 3186 1328 3272 majoribus
1348 3180 1461 3254 tendit
1480 3184 1526 3250 ad
1549 3202 1683 3277 partem
1701 3191 1910 3256 anteriorem
1930 3187 2050 3254 maxil-

361 3303 415 3372 lee
435 3299 620 3390 superioris
641 3301 733 3367 etin
754 3299 863 3392 partis
884 3294 981 3361 istius
1001 3292 1244 3380 integumentis
1265 3319 1337 3366 sese
1355 3293 1545 3363 distribuit.

1187 3505 1234 3614 b.

406 3743 532 3809 Remus
560 3739 683 3822 (Τὼ.
702 3757 734 3806 e·
758 3737 828 3825 Fig.
847 3763 877 3810 a.
898 3749 962 3830 c.)
992 3757 1059 3824 pro
1092 3735 1228 3808 maxilla
1257 3743 1433 3833 superiore
1465 3745 1502 3812 in
1535 3742 1650 3812 medio
1669 3743 1829 3831 marginis
1852 3739 2048 3833 posterioris

362 3849 543 3920 e'xtericrie
570 3849 668 3918 nervi
689 3847 841 3930 secedit,
870 3851 966 3936 juxta
987 3867 1119 3913 ramum
1146 3848 1337 3919 secundum
1359 3856 1445 3922 rami
1476 3851 1703 3946 ophthalmici
1730 3849 1905 3922 anteriora
1932 3873 2050 3920 sersus

364 3963 541 4054 procurrit
562 3975 598 4029 et
618 3961 721 4030 etiam
741 3961 779 4028 in
799 3958 953 4030 maxillae
973 3958 1215 4046 integumentis
1235 3986 1306 4032 sese
1327 3962 1465 4035 dividit.

1196 4211 1238 4277 C·

413 4405 540 4476 Remus
569 4405 688 4490 (Τὼ.
708 4427 742 4479 e.
774 4405 849 4494 Fig·
872 4429 903 4478 r.
926 4405 994 4498 fl)
1023 4429 1091 4500 pro
1128 4405 1266 4478 merilli
1298 4407 1454 4478 inferiori
1487 4421 1540 4474 est
1575 4409 1673 4498 qnasi
1699 4409 1919 4488 [continuatio
1947 4425 2051 4477 trun-

375 4519 408 4585 ci
427 4519 587 4607 majcris,
618 4519 719 4586 uerri
738 4515 870 4586 seilicet
898 4519 1089 4606 trigemini,
1117 4523 1214 4608 cujus
1242 4519 1376 4613 priores
1395 4521 1494 4594 uerri
1525 4537 1606 4588 runt
1630 4518 1736 4591 soluti
1763 4521 1862 4588 rami.
1906 4521 1972 4590 Hic
1992 4545 2055 4588 ra·

374 4649 468 4715 mue,
501 4631 594 4700 inter
623 4629 793 4700 musculos
824 4630 1028 4722 operculum
1057 4649 1231 4722 tegentes,
1265 4633 1430 4706 interiora
1456 4647 1492 4703 et
1524 4631 1695 4702 anteriora
1727 4654 1844 4702 sersus
1875 4632 2057 4704 descendit

372 4738 420 4808 ed
452 4739 612 4832 angulum
639 4743 850 4835 superiorem
877 4759 915 4818 et
942 4745 1167 4837 posteriorem
1184 4749 1275 4841 ,osis
1301 4743 1456 4822 maxillae
1485 4743 1683 4816 inferioriss
1707 4745 1773 4817 hcc
1798 4742 1876 4816 loco
1900 4747 1938 4818 in
1958 4765 2057 4816 mne·

1421 4855 1453 4929 G
1998 4877 2066 4944 eug·
