4992 6138
497 1079 736 1170 ORDINI
781 1073 1311 1170 DISCIPLINARUM
1356 1071 1989 1165 MATHEMATIGARUM

952 1287 1034 1376 ΕΤ
1088 1283 1525 1373 PHYSIGARUM

1209 1695 1278 1836 S.

402 2095 535 2213 Nemo
571 2138 728 2230 dubitat,
756 2143 838 2241 quin
872 2139 1090 2242 Phyoiologia
1124 2139 1377 2212 incrementum
1406 2163 1506 2212 cuum
1541 2140 1731 2212 maximum
1757 2136 1959 2210 Anatomiae
1987 2161 2087 2212 com·

403 2299 541 2387 paratae
562 2287 709 2380 debean
736 2289 800 2360 hac
816 2293 912 2362 enim
934 2287 1099 2377 seientia,
1125 2300 1160 2357 ct
1175 2285 1279 2356 unica
1299 2286 1466 2383 quidem,
1492 2284 1643 2358 officium
1666 2307 1871 2382 cognoscere
1882 2310 2086 2388 possumus,

405 2436 592 2538 uuicuique
624 2461 751 2535 organo
777 2435 1009 2536 impositum,
1046 2447 1082 2506 et
1118 2457 1328 2534 organorum
1361 2429 1568 2532 dignitatem
1595 2437 1636 2510 in
1682 2433 1833 2510 hominis
1864 2438 2085 2510 oeconomia:

405 2587 528 2660 nititur
553 2585 670 2673 enim
702 2599 739 2658 ut
761 2586 920 2658 universa
948 2585 1098 2659 humana
1129 2583 1302 2682 cognitio,
1327 2583 1374 2656 iu
1396 2583 1599 2682 pracsertim
1623 2580 1806 2686 disciplina
1831 2584 2088 2681 physiologica,

406 2734 617 2808 diversarum
638 2757 754 2807 rerum
779 2734 1051 2834 comparatione.
1097 2731 1175 2807 Hac
1193 2733 1335 2807 veritato
1355 2729 1538 2824 imbutus,
1564 2731 1635 2808 adii
1669 2732 1811 2811 Scholao
1835 2733 2030 2832 Zoologicao
2051 2749 2089 2808 et

405 2885 609 2960 Aualomiac
625 2881 874 2984 comparatae,
898 2883 1190 2984 confirmatusque
1205 2880 1244 2961 iu
1263 2880 1381 2982 prima
1393 2886 1584 2977 cententio,
1608 2906 1674 2984 pro
1690 2881 1846 2976 uiribus,
1871 2897 1906 2958 ct
1929 2897 2085 2987 tempore

408 3031 453 3108 ab
480 3031 555 3108 aliia
588 3031 712 3108 studiis
744 3033 886 3124 relicto,
915 3057 1058 3136 operam
1079 3034 1119 3108 in
1148 3033 1191 3111 iia
1212 3032 1363 3114 πευθώ
1397 3033 1506 3112 Pauci
1526 3046 1626 3108 eraut
1653 3032 1762 3135 clapsi
1797 3059 1952 3125 menses,
1977 3062 2087 3136 quum

407 3185 635 3274 Quaesuones
659 3183 867 3262 Academiae
885 3182 1216 3284 unguine-Batauo
1242 3181 1520 3275 editiunculam,
1546 3185 1638 3258 inter
1669 3207 1755 3283 quas
1781 3183 1958 3284 Zoologica
1980 3186 2084 3284 plane
2236 3245 2241 3252 .

393 3355 465 3404 ‘me
488 3329 659 3403 trahebat.
707 3332 777 3404 sed
801 3331 893 3403 tristi
921 3329 1033 3421 mihi,
1070 3329 1288 3435 sollicitoque
1312 3331 1417 3408 breve
1446 3346 1584 3432 tempus
1609 3333 1662 3406 in·
1679 3345 1834 3406 mentem
1865 3333 1978 3422 venit,
2013 3361 2083 3434 quo

407 3475 650 3550 tantummodo
666 3477 885 3556 lnatomiam
907 3491 1141 3580 comparatam
1162 3479 1392 3580 indagabam,
1416 3495 1454 3555 ct
1471 3481 1570 3554 facile
1591 3485 1773 3580 perspexi,
1799 3483 1889 3554 hanc
1912 3484 2082 3580 quaestio·

407 3650 489 3701 nem
519 3623 619 3724 longe
643 3649 739 3698 meos
764 3651 926 3726 superare
947 3629 1061 3704 vircc:
1094 3626 1155 3700 diu
1177 3625 1213 3699 in
1235 3624 1342 3702 dubio
1358 3653 1477 3721 cram;
1504 3627 1567 3701 sed
1587 3630 1727 3702 tundam
1748 3631 1935 3704 maximam
1958 3631 2085 3704 ulilita-

406 3788 480 3848 tem
495 3786 529 3847 ct
541 3773 754 3873 voluptatem
768 3777 804 3847 in
826 3776 1336 3876 hacccmalericpectraclauda
1356 3776 1445 3850 mihi
1462 3775 1661 3877 pollicitus,
1683 3803 1770 3876 opus
1786 3803 1962 3876 aggressus
1982 3805 2081 3871 sum,

407 3937 442 3995 et
459 3887 525 4022 pro
541 3925 689 3998 maxima
712 3924 870 4022 partein
891 3925 1101 4000 leriichiscc
1124 3927 1272 4002 consocii
1321 3927 1421 4000 Mitto
1442 3949 1529 4026 opus
1551 3925 1886 4026 imperfectissimum
1911 3941 1947 3998 et
1974 3927 2080 4000 offero

404 4071 450 4144 V.
475 4071 520 4146 V.
547 4073 588 4147 C.
607 4071 647 4144 C.
671 4071 921 4173 qualecumque
941 4075 1011 4168 εἰη
1037 4100 1181 4176 scopum
1203 4081 1273 4176 jam
1295 4076 1441 4176 adeptus
1460 4101 1566 4170 sum;
1589 4075 1694 4152 horae
1718 4075 1862 4154 miliia
1887 4075 1952 4152 hoc
1976 4101 2080 4178 opere

406 4234 504 4294 crant
531 4219 648 4316 utiles,
688 4235 784 4296 eraut
812 4223 998 4324 jucundae·

1461 4817 1489 4890 A
1516 4843 1537 4890 2
1935 4819 2078 4894 Rullo
