4992 6138
438 443 482 510 28
800 433 1080 511 estoit
1134 439 1408 512 rtattttt
1474 438 1785 529 altrat,

421 633 423 638 '
456 616 676 688 commissuri
710 615 771 700 (nt
800 617 838 684 in
868 619 1005 702 Esoce,
1039 622 1231 692 secundum
1266 619 1462 710 auctorem)
1506 624 1700 710 conjuncte.
1750 630 2059 716 Diemetermejor
2090 645 2144 697 est

459 729 626 799 diametro
657 727 868 819 reliquarum
894 731 1044 824 partium
1079 737 1237 821 cerebri3
1272 737 1372 804 ambo
1405 731 1538 822 ganglia
1564 733 1694 805 babent
1723 738 1969 817 ventriculum,
1999 740 2037 804 iu
2073 762 2143 830 quo

457 863 578 928 magua
603 837 698 905 adest
720 840 920 909 incrassatio
943 843 1146 933 corporibus
1166 845 1292 914 strictis
1323 844 1462 934 analoga
1495 844 1671 933 (ganglion
1698 852 1886 941 exprimit,
1909 873 1974 944 pro
2002 847 2142 917 redistis

459 953 558 1020 libris
585 950 730 1021 laminae
759 952 943 1042 superioris
969 953 1353 1044 hemisphaeriorum)
1386 971 1422 1021 et
1455 976 1495 1022 ex
1528 955 1620 1025 bisce
1660 961 1863 1051 corporibus
1894 960 1966 1028 exit
1993 961 2141 1041 lamine,

457 1087 634 1155 quaesere
663 1063 831 1146 reflectit,
856 1064 898 1131 ad
922 1067 1145 1156 posteriorem
1167 1082 1303 1155 partem
1327 1063 1482 1134 decurrit
1503 1081 1538 1134 et
1555 1085 1752 1159 aperturam
1768 1071 1838 1141 sire
1855 1071 2037 1140 introitum
2054 1094 2143 1141 veu-

451 1179 567 1247 triculi
585 1179 735 1245 liberum
758 1175 899 1267 linquit·

493 1291 606 1358 llIassa
623 1290 784 1362 secunda.
829 1291 942 1357 Etiam
970 1311 988 1354 e
1016 1287 1151 1359 duobus
1179 1303 1312 1359 constat
1338 1285 1502 1375 gangliisa
1525 1291 1676 1383 primum
1700 1292 1896 1382 ganglione
1925 1298 2035 1367 Caro
2054 1321 2143 1385 gan·

453 1399 547 1486 glion
568 1401 919 1496 haemisphaeriorum
939 1416 1094 1468 vocatum
1127 1403 1195 1468 aive
1222 1398 1362 1469 thalami
1380 1423 1563 1469 nervorum
1590 1403 1804 1496 opticorum3
1837 1407 2026 1476 secundum
2055 1435 2144 1498 gan·

455 1513 568 1599 glion,
592 1513 689 1580 sulco
706 1513 873 1598 divisum,
895 1526 929 1579 et
944 1509 1071 1577 itsduo
1085 1513 1180 1601 quasi
1200 1510 1429 1590 constituero,
1447 1512 1539 1602 ipsos
1558 1509 1689 1580 lobnlos
1708 1513 1839 1601 opticos
1858 1519 2033 1605 exprimit.
2069 1523 2142 1590 Lo·

456 1623 619 1692 bulorum
645 1627 837 1718 opticorum
868 1627 1027 1704 caritates
1057 1647 1128 1691 sese
1166 1623 1337 1694 anteriora
1371 1648 1487 1696 tersus
1512 1624 1605 1693 iuter
1633 1625 1763 1714 ganglia
1795 1625 2145 1722 baemitpbaeriorum

444 1741 638 1827 ¹aperiunt3
672 1765 758 1830 quae
781 1756 967 1829 apertura,
1004 1762 1023 1803 a
1051 1737 1161 1804 Caro
1187 1736 1326 1805 nomine
1355 1737 1602 1828 Aquaeductus
1628 1736 1835 1825 designatur.
1880 1739 2055 1809 Glandttlr
2083 1743 2143 1832 pi·

458 1851 563 1919 nealis
593 1849 759 1940 (Zirbel)
788 1854 847 1919 hic
875 1850 978 1936 magis
1012 1851 1082 1935 jam
1106 1850 1250 1916 formam
1279 1848 1403 1936 genglii
1430 1848 1557 1938 adepta
1584 1865 1693 1918 estet
1718 1847 1852 1917 duobus
1877 1852 2034 1920 cruribus
2066 1877 2145 1920 cum

456 1963 611 2032 thalamis
641 1985 825 2032 nervorum
857 1963 1053 2052 opticorum
1088 1962 1276 2046 conjuncta
1302 1976 1365 2028 est.
1410 1956 1536 2028 Labuli
1563 1960 1672 2048 optioi
1703 1974 1862 2028 constant
1889 1986 1929 2030 ex
1946 1989 2015 2034 uua
2038 1989 2144 2035 musa

456 2077 627 2161 rotunda,
645 2077 741 2144 sulco
761 2074 868 2142 divisa
886 2077 920 2140 in
943 2075 1026 2140 duas
1040 2090 1156 2165 partes
1172 2071 1351 2144 laterales:
1376 2071 1585 2144 ventriculus
1601 2073 1638 2138 iu
1658 2095 1696 2141 ee
1714 2073 1811 2142 adeat
1830 2072 1949 2162 glaber
1962 2074 2035 2142 sine
2056 2095 2144 2164 pro·

456 2190 672 2257 tuberantiis.
717 2159 924 2276 Emergine
940 2209 1056 2253 eorum
1073 2186 1254 2265 exteriori,
1280 2187 1439 2254 oriuntur
1453 2187 1550 2255 nervi
1570 2185 1702 2276 optici,
1726 2184 1786 2276 qui
1804 2188 1901 2254 nervi
1927 2187 2029 2256 etium
2062 2186 2143 2255 lila-

455 2319 572 2368 menta
601 2302 816 2391 accipiunto
838 2300 978 2389 ganglils
1011 2299 1357 2395 haemisphaeriorum
1373 2330 1385 2389 3
1419 2301 1482 2368 sub
1513 2297 1793 2389 haemisphaeriis
1831 2322 1902 2369 sese
1932 2305 2146 2393 coniungunt

453 2416 517 2482 sub
537 2414 660 2504 angulo
676 2432 776 2485 acuto
795 2415 830 2480 hi
848 2414 968 2494 nervi,
991 2428 1027 2480 et
1048 2413 1150 2480 ctiam
1170 2435 1289 2480 rursus
1313 2414 1438 2501 angulo
1461 2428 1562 2481 acuto
1578 2438 1597 2479 s
1615 2434 1652 2479 se
1672 2412 1820 2482 invicem
1841 2413 2022 2483 recedunt.
2065 2413 2146 2482 Post

457 2527 606 2594 clriasma
623 2550 807 2598 nervorum
833 2525 1048 2613 opticorum‚
1073 2522 1169 2591 adest
1193 2546 1301 2591 masse
1330 2527 1521 2610 corticella,
1543 2523 1714 2608 rotunde,
1736 2524 1865 2609 unica,
1889 2527 2145 2617 quamGtrus

451 2637 702 2703 insuadibilum
730 2652 828 2707 vocat
860 2653 895 2702 et
932 2652 971 2702 ut
1003 2635 1160 2724 gangliou
1196 2635 1407 2730 hypopbysis
1445 2637 1580 2706 cerebri
1620 2634 1874 2706 animadvertit.
1924 2635 2145 2727 Hypopbysis

449 2750 525 2836 ipsa
547 2751 584 2814 in
603 2749 745 2815 caritate
774 2751 918 2838 propria¹
944 2751 1035 2832 jacet
1058 2746 1178 2816 cranii.
1225 2748 1338 2817 Semel
1361 2751 1474 2816 Caro
1500 2751 1576 2838 (r)
1609 2747 1773 2833 contigit,
1800 2763 1839 2814 ut
1864 2747 2150 2832 conjunctionem

452 2876 676 2952 praepararet
698 2861 782 2926 rami
806 2861 891 2926 serti
912 2857 1023 2948 paris,
1048 2879 1125 2923 cum
1143 2858 1347 2951 hypopbyse
1368 2859 1512 2926 cerebri.

496 2972 607 3039 Massa
624 2974 735 3041 tertia.
778 2971 873 3040 Nihil
893 2971 930 3036 in
952 2967 990 3036 'ea
1009 2967 1151 3056 dignum
1181 2970 1497 3057 animadversione3
1522 2993 1593 3038 sese
1616 2969 1721 3040 babet
1745 2988 1783 3039 ut
1804 2970 1841 3036 iu
1862 2969 1977 3040 lienis.
2023 2970 2145 3058 Quar-

452 3101 506 3150 tus
523 3085 733 3155 ventriculus
750 3108 874 3176 parvus
895 3101 959 3154 eat.

496 3199 762 3268 Protuberantia
785 3197 934 3265 adestis
957 3194 1112 3264 inferiori
1132 3212 1168 3263 et
1193 3193 1357 3264 anteriori
1381 3213 1481 3287 parte
1504 3193 1672 3264 medullae
1691 3195 1906 3284 oblongatae.

497 3313 603 3398 Quod
623 3312 666 3377 ad
686 3334 808 3379 nervos
826 3334 933 3398 pauca
950 3309 1085 3376 addam.

497 3424 603 3492 Nervi
623 3421 794 3490 olfactorii
813 3438 894 3489 sunt
914 3422 1037 3488 breves
1060 3437 1095 3486 et
1117 3420 1154 3484 iu
1175 3419 1284 3488 bulbo
1307 3419 1482 3490 desinunt.

495 3536 604 3603 Nervi
623 3536 877 3603 extremitatum
896 3556 967 3600 non
986 3532 1132 3617 adsunt,
1156 3535 1238 3624 quia
1257 3533 1487 3604 extremitates
1512 3535 1606 3624 ipsse
1626 3532 1882 3603 desiderantur.

495 3649 626 3720 Nervus
648 3648 884 3742 sympatbicns
906 3647 943 3713 iu
965 3645 1128 3740 Opbidiis
1148 3665 1216 3714 tam
1231 3669 1355 3737 porrus
1376 3663 1416 3715 ut
1431 3646 1505 3717 lere
1524 3671 1596 3716 nun
1612 3645 1722 3715 valeat
1741 3647 1903 3733 persequi
1925 3647 2005 3734 (s).

2096 3765 2200 3886 D..

492 3991 544 4066 (ι)
565 3987 671 4044 Auctor
682 3989 712 4044 in
729 3995 855 4045 annom.
872 3986 961 4058 dicit,
978 3981 1225 4064 perdifficillirnum
1242 3999 1305 4042 esse
1321 3981 1398 4040 hunc
1413 4003 1523 4046 ramum
1541 3997 1728 4063 praeparare,
1745 3976 1811 4056 quia
1829 3978 1857 4036 in
1877 4001 1967 4042 masse
1984 3979 2045 4062 ipsu
2062 4003 2141 4044 osam

455 4085 492 4142 ed
508 4082 686 4160 hypopbysin
703 4084 815 4154 tendit,
848 4084 1058 4159 etquicunque
1085 4082 1116 4137 iu
1145 4080 1414 4159 manipulationibus
1445 4081 1607 4142 anatomicis
1634 4097 1692 4137 non
1720 4077 1822 4158 hospes
1851 4081 1951 4150 adest,
1978 4077 2032 4140 boc
2060 4081 2161 4140 lucile-

454 4183 525 4236 snt'
556 4218 565 4238 .

468 4199 502 4355 e(
514 4191 555 4350 :31
572 4274 729 4354 Weber,
745 4278 831 4335 Anat.
856 4273 958 4354 Comp.
978 4275 1058 4335 neni
1075 4274 1263 4352 sympatbicl,
1280 4296 1343 4356 pag.
1362 4283 1404 4340 sa.
