4992 6138
466 431 510 541 tt
825 421 1103 502 clno‘tt
1156 429 1427 502 mantnt
1488 425 1798 510 ornrnr,

470 607 547 677 culo
569 631 692 698 quarto
714 614 928 700 conspicuis3
952 610 1126 681 filameuta
1161 636 1203 680 ex
1238 612 1330 679 bisce
1363 631 1436 680 orta
1466 623 1591 684 coeunt
1624 627 1658 679 et
1680 615 1776 700 juxta
1804 608 1910 676 latera
1934 608 2150 680 descendunt

471 719 637 789 medullae
660 724 870 809 oblongatac.
913 727 1024 790 Intrat
1047 724 1198 791 canalem
1223 725 1409 792 acusticum
1441 723 1615 788 internum
1645 722 1726 788 ossis
1763 719 1957 814 temporalis
1979 739 2014 789 et
2043 721 2147 814 laby-

469 833 625 897 rinthum
648 858 710 922 per
734 835 833 922 plura
855 837 1039 916 foramina,
1063 861 1208 926 quorum
1244 855 1404 900 numerus
1434 848 1470 897 et
1491 831 1689 916 magnitudo
1708 833 1839 899 variare
1865 851 2027 921 possunt,
2049 836 2154 904 subit.

471 943 512 1008 lu
536 941 643 1008 canali
666 948 816 1012 acustico
835 949 974 1012 interno
997 963 1172 1020 contortus
1194 946 1334 1014 videtur
1357 961 1392 1010 et
1424 941 1595 1008 filamenta
1619 942 1780 1028 spiralem
1812 943 1991 1032 obliquum
2015 945 2153 1014 descri-

471 1052 582 1136 bunte
608 1059 677 1121 cito
707 1058 742 1121 iu
767 1075 911 1146 quatuor
939 1081 1011 1124 sese
1041 1059 1166 1125 dividit
1186 1056 1384 1140 fasciculos,
1408 1056 1539 1146 primus
1565 1055 1752 1142 respondet
1775 1057 1886 1121 canali
1907 1057 2152 1126 semicirculari

469 1167 637 1260 superiori
657 1184 691 1234 et
712 1185 871 1246 externo,
894 1167 980 1234 alter
1008 1171 1188 1258 posteriori
1210 1170 1340 1249 canali,
1367 1169 1483 1234 tertius
1505 1163 1618 1230 medio
1640 1165 1819 1249 vestibuli,
1845 1189 2011 1257 quartus,
2037 1175 2153 1240 trunci

470 1279 708 1364 continuatio,
733 1303 840 1376 ramos
863 1280 925 1346 dat
946 1283 1102 1348 omnibus
1125 1283 1368 1360 foraminibus,
1392 1303 1477 1370 quac
1500 1275 1629 1343 crificia
1651 1293 1731 1342 sunt
1753 1283 1914 1347 tuborum
1935 1285 1971 1348 in
1992 1281 2154 1373 labyrin·
2244 1367 2249 1376 ὑ

469 1387 833 1470 thumdosinentium;
861 1389 999 1458 tandem
1019 1394 1146 1458 desinit
1167 1381 1458 1478 multis'plexibus
1481 1383 1523 1451 ad
1538 1385 1757 1474 superficiem
1774 1391 1943 1461 cochleae.
1989 1395 2094 1482 Quod
2107 1396 2152 1464 ad

469 1509 538 1563 tres
556 1497 640 1594 'alios
663 1495 862 1582 fasciculos,
887 1502 1033 1585 primurn
1060 1501 1195 1568 induas
1217 1525 1289 1569 sese
1311 1501 1434 1567 dividit
1457 1514 1570 1588 partes
1592 1513 1627 1562 ct
1648 1498 1684 1561 in
1702 1498 1888 1589 ampullas,
1914 1506 2040 1592 quibus
2062 1529 2150 1596 pro·

466 1605 563 1695 prius
595 1623 672 1688 est,
706 1610 831 1676 canalis
866 1613 1124 1678 semicircularis
1157 1613 1312 1693 desinite
1347 1610 1517 1678 secundus
1548 1610 1584 1674 iu
1618 1609 1764 1702 ampulla
1795 1608 1919 1678 canalis
1950 1615 2149 1701 posterioris

467 1718 573 1786 linem
594 1719 719 1801 habete
746 1724 863 1787 tertius
885 1716 1083 1789 inter'duos
1105 1721 1350 1814 praecedentes
1385 1719 1429 1786 ad
1464 1721 1668 1791 vestibulum
1691 1721 1986 1793 membranaceum
2022 1713 2146 1798 t'eudit.

466 1827 584 1914 Magni
604 1845 686 1894 aunt
705 1832 803 1899 nervi
823 1835 861 1899 iu
883 1833 1020 1900 Phocis.
1218 1823 1221 1832 ¹

506 1939 638 2006 lteram
660 1963 773 2026 vagus.
817 1943 865 2009 Ut
887 1944 924 2010 iu
948 1943 1085 2008 bomine
1113 1963 1183 2007 sese
1202 1941 1310 2007 babet
1333 1958 1367 2007 et
1389 1939 1482 2009 nulla
1501 1939 1602 2011 offert
1626 1961 1812 2011 memoratu
1836 1946 1938 2034 digna
1958 1951 2145 2018 secuudum

466 2049 742 2139 Curiatium,
765 2070 900 2144 praeter
921 2033 1259 2120 communicationem
1279 2055 1350 2138 jam
1371 2052 1580 2139 descriptam
1601 2054 1639 2118 iu
1659 2054 1796 2134 vitulo;
1818 2059 1855 2122 in
1883 2061 2078 2126 Carnivoria
2098 2077 2147 2130 ta·
2191 2121 2193 2126 ,

462 2163 564 2232 unior
585 2181 637 2232 eat
666 2189 768 2254 quam
786 2168 823 2232 iu
845 2166 980 2240 simiis,
1003 2164 1041 2227 in
1062 2161 1325 2230 Ruminautibus
1345 2177 1380 2227 et
1412 2160 1567 2229 Gliribus
1592 2164 1696 2250 magis
1718 2165 1872 2235 evolutus
1901 2191 2004 2260 quam
2028 2175 2065 2238 ib
2086 2172 2146 2240 Si.

459 2274 562 2357 ruiis,
586 2275 622 2340 in
640 2273 855 2342 lusoctivoria
878 2275 990 2340 minus
1013 2273 1165 2342 evolutus
1181 2302 1193 2362 ς
1216 2279 1254 2344 in
1273 2277 1396 2347 Phocis
1421 2292 1456 2344 et
1473 2276 1627 2344 Cataceia
1645 2276 1804 2344 univerae
1820 2299 1938 2346 omnes
1960 2279 2147 2351 dimensio·

459 2405 524 2452 nes
541 2383 636 2474 quod
659 2386 701 2453 ad
723 2385 883 2454 volumen
906 2403 1046 2476 superat
1068 2391 1146 2476 (r).

500 2497 634 2565 Nervus
655 2497 1008 2590 Gloasophaayngens.
1053 2499 1224 2569 Mutatum
1242 2502 1425 2568 decursum
1448 2503 1518 2588 jam
1540 2501 1578 2568 iu
1599 2500 1731 2568 bvibua
1750 2515 1785 2566 et
1806 2501 1844 2566 iu
1870 2502 2068 2594 Amphibiis
2088 2509 2146 2580 vi-

458 2607 592 2693 dimus,
613 2627 650 2678 et
669 2610 771 2677 ctiam
794 2611 831 2676 in
853 2607 1113 2691 Mammalibua,
1138 2614 1264 2702 quibus
1298 2615 1420 2682 eadem
1447 2631 1575 2681 mutata
1604 2611 1713 2680 forma
1731 2615 1881 2702 partium
1906 2619 2048 2713 propria
2070 2636 2146 2702 eat.

455 2735 623 2788 mutatum
638 2722 848 2814 reperiemus
872 2743 1028 2788 nervum.
1072 2724 1176 2790 Utin
1197 2727 1335 2791 bomine
1355 2727 1464 2791 oritur
1486 2742 1521 2791 et
1548 2723 1716 2796 decurrit.
1755 2726 1934 2812 Originem
1961 2727 2087 2810 babet,
2109 2747 2149 2799 ut

454 2833 556 2906 ctiam
576 2854 677 2918 vagus
700 2834 788 2918 (a),
810 2833 847 2897 in
868 2831 963 2898 sulco
984 2833 1077 2922 (5),
1097 2856 1172 2924 quo
1192 2857 1336 2925 corpora
1354 2838 1490 2904 olivaria
1512 2835 1751 2915 definiuntur,
1774 2850 1810 2901 ot
1838 2831 1979 2922 quidem
2010 2837 2144 2923 tribua,

453 2946 524 3012 aive
552 2960 699 3034 quatuor
732 2941 811 3032 lilio.
855 2941 883 3008 E
918 2946 1032 3008 cranio
1062 2945 1132 3008 exit
1169 2967 1231 3030 per
1256 2946 1433 3026 foramen,
1464 2944 1665 3010 distinctum
1706 2943 1793 3008 dura
1822 2961 1947 3022 matre,
1986 2943 2146 3030 gangliott

454 3054 580 3142 {ormat
598 3069 775 3143 petrosum
794 3068 828 3118 et
849 3051 885 3118 in
913 3055 1066 3142 quinque
1081 3079 1153 3122 aesc
1173 3055 1299 3122 dividit
1317 3078 1449 3136 ramos,
1474 3076 1623 3142 quorum
1645 3067 1791 3142 quatuor
1810 3054 1959 3119 minores
1976 3051 2148 3144 pbaryngi

454 3181 535 3234 sunt
553 3162 733 3246 destinati,
754 3186 842 3230 uuus
859 3187 937 3228 cum
958 3188 1043 3249 vago
1063 3165 1288 3230 anastomosiu
1311 3164 1415 3248 facit,
1437 3181 1571 3240 sextus,
1591 3165 1664 3250 ipsa
1679 3161 1916 3251 prolongatio,
1940 3191 2017 3236 cnm
2036 3170 2150 3262 hypo·

453 3278 562 3367 glosso
586 3299 658 3343 aese
688 3279 878 3362 coniungit.
921 3277 1105 3366 Postquam
1126 3276 1169 3341 ad
1198 3274 1347 3362 linguam
1369 3273 1565 3365 pervenerit
1594 3295 1742 3353 nervus,
1764 3295 1835 3338 sese
1858 3271 1895 3340 iu
1923 3275 2007 3346 dnos
2032 3306 2146 3352 ramo.

456 3388 600 3458 dividite
625 3377 710 3454 unus
738 3377 848 3478 ramus
877 3387 1105 3474 aupes-liciniis
1138 3407 1210 3450 sese
1243 3383 1423 3452 distribuit
1450 3386 1488 3452 iu
1512 3381 1659 3494 papillas
1685 3380 1882 3472 petiolatas.
1903 3384 1990 3455 alter
2012 3389 2050 3458 in
2070 3391 2145 3486 ipsa

454 3525 563 3580 massa
579 3495 766 3582 musculosa
789 3497 890 3562 finem
909 3497 1024 3561 habet.

498 3613 631 3682 Nervus
654 3589 860 3676 accessorius
890 3602 1104 3689 Willisii,
1140 3630 1244 3696 quem
1276 3631 1422 3674 nervum
1452 3599 1685 3674 Cuvierins
1715 3603 1801 3706 dicit
1831 3605 2020 3698 spinalem,
2045 3613 2143 3681 etin

459 3719 560 3796 nullis
596 3718 791 3807 Ampbibiis
818 3732 854 3784 et
878 3716 1062 3796 Piscibus,
1098 3734 1232 3786 tautum
1258 3718 1294 3784 in
1320 3717 1495 3784 nonnullis
1524 3717 1653 3784 Avibus
1679 3717 1777 3804 (l),
1807 3715 1995 3784 secuudum
2015 3741 2143 3808 paucos

2087 3856 2149 3909 rua

457 3970 498 4030 las
510 4025 512 4030 ,
524 3965 696 4038 medullarea
715 3964 809 4038 quarti
829 3965 977 4024 ventriculi
998 3966 1078 4024 strias
1101 3967 1138 4024 ad
1161 3966 1296 4042 originem
1321 3964 1458 4044 portionis
1485 3962 1579 4024 mollis
1599 3965 1679 4022 nervi
1703 3961 1813 4021 acuatici
1843 3961 1959 4020 minime
1977 3963 2142 4028 casentialea

457 4063 559 4128 «ποθ’
605 4063 682 4118 llaec
705 4063 792 4118 etiam
820 4041 960 4121 renuntia
990 4073 1035 4120 est
1063 4061 1264 4120 Wcuaeliic
1303 4059 1361 4120 rid.
1394 4059 1571 4132 Weuccl,
1602 4060 1638 4117 de
1675 4057 1807 4136 penitiori
1831 4067 1971 4118 structura
1999 4057 2141 4132 Cerebri,

478 4177 513 4234 ⁸ss
541 4168 598 4218 18²·

434 4295 437 4324 ,
457 4179 555 4329 llla)
582 4251 727 4314 serres,
744 4251 834 4308 Anat.
851 4271 966 4328 comp„
985 4262 1054 4308 tom.
1075 4271 1102 4316 a,
1123 4271 1179 4328 pag
1204 4256 1277 4328 495,
1304 4259 1363 4320 lans.

458 4333 468 4346 ⁹
492 4351 550 4424 (a)
575 4345 736 4414 Secundum
761 4347 967 4403 Setrcaiuan
991 4345 1046 4400 boc
1068 4355 1176 4402 tautum
1197 4345 1295 4414 locunt¹
1316 4348 1402 4404 babet
1420 4347 1448 4404 itt
1466 4335 1607 4418 bomine,
1628 4365 1684 4403 nou
1706 4344 1737 4403 itt
1755 4342 1969 4419 flammatibus,
1984 4339 2015 4400 irt
2037 4341 2073 4403 iis
2093 4361 2143 4404 n·

455 4463 525 4522 pera
541 4445 607 4502 dicit
633 4462 650 4498 a
672 4459 790 4516 corpore
811 4439 948 4522 retilonni
970 4436 1104 4512 originem
1125 4435 1238 4495 babere.
1274 4443 1418 4516 Serrca,
1435 4454 1503 4500 tom.
1521 4463 1547 4524 t.
1560 4461 1626 4521 pag.
1637 4449 1699 4515 49¹·

417 4601 425 4612 ε
452 4589 465 4602 ‚
492 4537 728 4616 (gpcpviar,
745 4537 811 4614 Lep.
830 4537 944 4592 d'Auat.
962 4550 1072 4610 comp,
1094 4543 1162 4617 tom.
1182 4554 1208 4594 a.
1231 4555 1294 4612 pag.
1315 4543 1371 4608 146.

489 4641 548 4713 (4)
574 4637 739 4703 Collina,
768 4631 974 4707 Malacam,
997 4633 1084 4708 Vicq
1113 4631 1250 4708 d'Acyr,
1278 4633 1505 4691 Ttedenaan
1536 4643 1643 4712 negant
1663 4633 1694 4691 iu
1715 4629 1823 4688 Avibus
1853 4627 1976 4707 adesscg
2000 4627 2137 4698 Sum

449 4731 573 4796 affirmat
594 4749 710 4790 aecum
727 4725 867 4788 invenisse
888 4725 918 4784 iu
938 4727 1092 4802 Cesumio,
1107 4713 1278 4788 'snathioae
1300 4740 1331 4790 et
1350 4729 1467 4790 Ciconia.
1501 4727 1649 4802 Sernes,
1671 4740 1739 4788 tom.
1760 4747 1784 4789 a.
1804 4746 1866 4806 pag.
1884 4727 1947 4786 soa.
