4992 6138
584 471 941 551 corruuurrrro
976 486 1027 542 ru
1062 471 1408 562 Quiesrrouerr
1441 465 1771 542 zooroorcuu.
1978 438 2024 544 ιι

336 703 390 750 ces
411 673 566 744 laterales
588 671 770 747 cerebelli.
793 669 978 761 equibus,
1003 668 1100 760 qussi
1123 667 1288 733 columnis
1302 663 1469 733 medullae
1483 661 1706 747 oblongetee,
1728 664 1766 728 in
1789 665 1895 737 Esoce
1916 666 2024 737 Lucio

336 793 482 858 diximus
511 791 592 854 oriri
627 784 855 859 cerebellum,
878 782 979 848 etium
1008 785 1044 846 in
1075 781 1205 847 Avibus
1243 779 1464 864 reperiuntur·
1495 791 1530 842 et
1556 773 1695 866 quidem
1727 777 1966 863 impressiones
1986 763 2021 850 in

336 901 453 970 ereuio
478 893 666 966 seeundum
686 895 839 960 Carum
862 914 927 980 pro
947 889 986 956 iis
1006 892 1239 980 reperiuntur.
1282 889 1405 955 Ferme
1423 888 1460 953 in
1485 884 1626 952 diversis
1656 891 1835 974 speciebus
1864 893 2020 978 diversus

334 1017 371 1080 in
392 1011 461 1078 eliis
483 1007 647 1090 oblonga,
667 1006 702 1069 iu
723 1004 793 1070 aliis
813 1007 914 1092 magis
935 1006 1071 1090 globosa
1087 1018 1122 1069 et
1141 1005 1208 1070 alte
1226 1030 1237 1070 ι
1260 1000 1418 1066 universe
1439 994 1547 1064 lorme
1569 1001 1648 1084 setis
1669 1005 1831 1069 convenit
1849 1027 1926 1070 cum
1945 1003 2022 1070 lor·

337 1125 392 1190 mh
411 1117 570 1188 cerebelli
590 1119 625 1181 in
651 1116 758 1180 Esoce
780 1116 904 1200 Lucio,
928 1117 995 1182 nisi
1025 1117 1062 1181 in
1086 1113 1269 1205 superficie
1294 1111 1458 1177 anteriori
1488 1108 1646 1177 adessent
1671 1114 1756 1181 sulci
1785 1116 2025 1184 transversales

338 1233 518 1326 plicarum.
565 1229 678 1316 Quam
704 1224 849 1290 vidimus
869 1228 904 1292 iu
925 1231 1030 1294 Esoce
1047 1226 1177 1304 Lucio,
1204 1219 1368 1289 cerebelli
1393 1221 1671 1303 conjunctionem
1703 1251 1779 1295 cum
1803 1228 1928 1295 lohulis
1957 1253 2024 1321 op·

340 1346 416 1411 tieis
437 1346 506 1410 eive
528 1335 667 1424 gungliie
698 1339 942 1425 posterioribus
974 1339 1200 1416 tubulorum,
1236 1334 1292 1397 bic
1320 1333 1358 1396 iu
1382 1333 1512 1398 Avibus
1538 1357 1672 1402 rursum
1700 1341 1911 1422 invenimus3
1945 1361 2023 1406 cum

286 1467 290 1474 '
340 1451 617 1544 presentemur,
642 1447 784 1511 inferior
808 1448 988 1528 cerebelli,
1011 1446 1143 1513 lamelli
1171 1442 1351 1512 medullari
1379 1445 1575 1514 tenuissimi
1606 1453 1833 1536 conjungetur
1864 1475 1943 1516 curn
1969 1448 2023 1514 lc-

338 1567 440 1635 mellt
474 1558 675 1629 intermedii
704 1559 898 1626 lobulorum
926 1558 1131 1645 opticorum.
1177 1555 1214 1622 Si
1238 1555 1447 1623 ventriculus
1477 1577 1617 1647 quartus
1642 1573 1729 1624 totus
1763 1575 1909 1649 qrrentus
1942 1583 2028 1652 epe·

339 1677 447 1758 riter,
470 1689 657 1761 apparent,
683 1687 719 1736 ut
742 1674 777 1736 in
797 1669 972 1736 nonnullis
993 1667 1207 1754 Amphibiis‚
1230 1663 1299 1730 duo
1318 1689 1462 1756 corpore
1483 1669 1640 1758 globosa,
1664 1667 1853 1736 secundum
1871 1673 2030 1738 Carum

339 1785 471 1875 ganglia
489 1805 671 1848 nervorum
692 1780 931 1846 eonstieorum.

383 1894 537 1968 Medulla
571 1893 763 1977 oblongeta.
807 1892 849 1956 In
880 1892 1000 1958 eribus
1026 1889 1128 1956 etiem
1155 1885 1254 1954 offert
1293 1911 1448 1974 magnum
1488 1891 1782 1979 protuberantium
1810 1893 1845 1956 in
1874 1891 2032 1958 inferiori

342 2024 378 2077 et
409 2005 574 2075 anteriori
608 2019 724 2088 purte:
756 1999 902 2066 latitudo
936 1998 1107 2066 medullae
1145 1999 1243 2065 tertie
1271 2021 1352 2089 pers
1384 2017 1435 2066 est
1461 1999 1809 2090 hemisphaeriorum
1841 2002 2029 2067 secundum

343 2119 520 2200 Corum,
546 2137 688 2204 corpore
708 2114 932 2204 pyramidalia
949 2110 1047 2178 facile
1072 2111 1357 2201 conspiciuntur,
1380 2133 1586 2202 quemquem
1615 2111 1726 2176 minus
1750 2128 1831 2177 sunt
1856 2134 2029 2180 convexas

343 2250 450 2320 porro
472 2247 542 2292 sere
568 2249 606 2292 ιιι
627 2228 664 2292 in
691 2226 918 2294 anterioribus
937 2222 1053 2289 hebet.

386 2341 514 2408 Nervi.

389 2449 494 2516 Nervi
526 2447 695 2515 olfuetorii
731 2449 899 2536 originem
931 2449 999 2532 jem
1028 2445 1293 2536 descripsimuse
1328 2467 1393 2532 pet·
1418 2435 1569 2510 conulem
1598 2465 1729 2510 osseum
1758 2441 1801 2508 ud
1829 2467 1925 2508 neres
1953 2459 2033 2509 ten-

347 2559 458 2643 dunt,
482 2560 637 2626 comitem
661 2557 792 2626 hebent
811 2582 868 2626 rus
893 2579 1054 2626 venerum
1085 2573 1124 2622 ut
1147 2557 1184 2622 iu
1212 2556 1317 2622 Esoee
1340 2553 1465 2626 Lucio.
1489 2549 1551 2616 sed
1578 2557 1744 2624 minorem
1771 2554 2033 2644 hebentlongi-

348 2669 505 2738 tudinem
529 2694 631 2757 quem
651 2671 688 2738 iu
706 2670 869 2737 elassibus
895 2669 1210 2758 preeeedentibus3
1235 2667 1337 2733 etiem
1357 2662 1565 2732 sunt'minus
1584 2671 1685 2733 crassi
1714 2673 1733 2754 (
1745 2695 1760 2738 ι
1774 2671 1805 2749 ).

389 2781 497 2847 Nervi
518 2783 637 2868 optici.
683 2779 710 2845 E
730 2778 854 2846 lobulis
873 2782 999 2869 opticis
1020 2796 1057 2846 ut
1070 2781 1195 2847 lemine
1220 2776 1286 2844 lete
1307 2791 1443 2843 exeunt.
1479 2777 1610 2847 Nervus
1631 2803 1666 2846 se
1689 2782 1760 2870 ipse
1781 2779 1887 2847 flectit
1908 2779 2038 2848 circum

346 2886 481 2976 ganglia
507 2889 854 2982 hemisphaeriorum
879 2907 913 2958 et
942 2915 1043 2957 crure
1079 2890 1235 2972 cerebris
1274 2888 1375 2956 umbo
1404 2903 1530 2954 coeunt
1562 2890 1599 2953 iu
1621 2914 1691 2955 uuo
1715 2890 1791 2958 loco
1820 2889 1864 2956 ed
1891 2889 2039 2958 chiesme

347 3000 579 3072 formandum.
626 2997 817 3067 Chlcsmute
846 3002 1041 3092 permisso,
1071 3001 1195 3068 multee
1225 3001 1327 3067 serice
1359 3000 1621 3086 conspiciuntur
1643 2999 1680 3064 iu
1711 3001 1849 3066 interni
1873 3001 2040 3089 perscissa

349 3109 555 3201 superficie,
580 3133 667 3195 quae
691 3110 792 3173 striae
815 3109 884 3191 jem
902 3110 939 3173 iu
964 3109 1137 3177 nonnullis
1163 3110 1357 3200 Amphibiis
1380 3109 1527 3190 adeunte
1560 3125 1657 3194 patet
1680 3107 1752 3172 illes
1771 3108 1910 3173 formeri
1934 3105 2040 3173 lemi-

350 3221 404 3288 nis
418 3239 491 3288 ecee
513 3215 746 3282 cruciantibus
763 3244 774 3292 t
798 3215 835 3279 iu
853 3215 984 3281 Avibus
1004 3215 1130 3284 adeunt
1148 3219 1295 3286 lumime
1313 3233 1403 3284 oete.
1448 3218 1529 3282 Post
1549 3217 1695 3285 chiusme
1720 3241 1837 3284 rursus
1861 3243 1931 3286 sese
1951 3243 2039 3288 con·

350 3331 503 3416 jungunt
518 3325 687 3398 laminae,
711 3341 749 3390 nt
771 3322 900 3410 sortes,
922 3324 982 3392 ted
1003 3329 1126 3396 breves
1147 3350 1266 3396 nereos
1287 3333 1500 3400 constituent
1519 3331 1661 3420 optieos.
1708 3331 1951 3403 Seelerotieem
1979 3337 2041 3402 in·

249 3499 252 3508 ι
353 3451 447 3506 trent
466 3453 500 3504 et
523 3436 561 3504 in
583 3431 692 3501 ceueli
717 3433 819 3522 hujus
839 3437 1056 3506 membranae
1081 3437 1219 3531 oblique
1235 3460 1473 3532 procurrunte
1497 3439 1620 3508 lemine
1638 3443 1776 3509 interne
1800 3444 1902 3530 hujus
1933 3461 2042 3513 eene*

313 3535 316 3547 ⁶
352 3547 493 3616 listina
517 3547 580 3634 (e)
612 3562 683 3625 eet,
712 3547 761 3612 ite
788 3563 826 3614 ut
853 3548 1044 3618 substantie
1067 3575 1190 3621 nervee
1223 3567 1442 3643 transpereet
1469 3569 1505 3621 et
1534 3551 1659 3620 lineum
1686 3555 1860 3624 internum
1895 3557 2041 3642 efficiet;

353 3661 453 3744 cujus
471 3657 582 3723 linere
604 3679 744 3725 uerrere
764 3657 834 3724 duo
853 3658 960 3728 lutere
974 3658 1143 3750 praebent
1169 3663 1379 3751 expensione
1401 3663 1574 3743 retinam,
1598 3687 1686 3755 quse
1708 3691 1818 3759 usque
1841 3669 1884 3736 ud
1916 3670 2042 3736 lentem

353 3769 668 3866 orietellimmeese
689 3769 857 3840 extendit·

394 3881 529 3950 Nervus
565 3877 827 3949 oculomotorius
865 3883 947 3972 (3).
1000 3883 1228 3954 iurationem
1263 3881 1369 3949 hebet
1403 3881 1468 3950 sub
1500 3887 1615 3954 nereis
1659 3885 1782 3980 opticie
1815 3887 1853 3953 iu
1887 3889 2045 3956 cruribus

355 3991 502 4063 cerebri.

396 4101 530 4176 Nervus
551 4098 746 4190 patheticus
763 4103 801 4170 iu
827 4103 1070 4188 conjunctione
1094 4103 1261 4174 cerebelli
1277 4128 1355 4173 cnm
1370 4103 1497 4174 lohulis
1517 4107 1644 4196 opticie
1667 4109 1892 4179 insertionem
1910 4107 2041 4197 hebete

355 4211 617 4286 convenientem
636 4213 740 4302 igitur
762 4236 841 4284 cum
856 4213 966 4284 Eeoee
989 4214 1110 4286 Lucio.

508 4385 511 4392 Δ
1955 4315 2048 4384 Ner·

391 4430 1044 4514 (rieuvierheponrd’hnet.eomp.11.
1066 4457 1129 4519 μς.
1144 4445 1202 4518 ¹9⁶·
2038 4459 2046 4470 ·

394 4525 447 4604 (ι)
467 4529 1041 4612 Currer,1aepomd'hmtmmp11
1068 4543 1209 4617 pce-hri
1860 4589 1863 4597 .

391 4621 598 4732 (pierius,
627 4624 758 4686 zeutem.
791 4631 898 4704 Ηιι.
929 4631 960 4688 ic
982 4635 1165 4693 mentione
1192 4629 1260 4691 dicit
1286 4629 1502 4690 lieckelium
1539 4627 1682 4690 invenisse
1710 4634 1939 4710 conjunctionem
1966 4637 2053 4715 hujus

355 4715 433 4798 perir
449 4714 545 4786 tertii,
563 4733 627 4772 eum
643 4719 808 4798 hypophyee
830 4725 956 4800 cerebris
981 4727 1062 4802 qued
1084 4739 1288 4804 “gementum
1305 4725 1431 4792 relidam
1448 4727 1532 4802 tier,
1560 4749 1614 4810 pro
1633 4749 1666 4792 ee
1694 4729 1851 4812 opinione,
1878 4749 1936 4807 que
1959 4729 2053 4864 hypp-

356 4809 461 4896 pipern
480 4807 650 4890 expriment
663 4823 784 4889 ηιιιιιι
798 4815 1001 4894 μιῑὶοιιιιιι
992 4835 1023 4880 ιιι
1038 4821 1156 4881 ιιιίιιιι·
1171 4819 1267 4882 enuit
1454 4863 1460 4874 ·

1465 4917 1498 4990 Ε
