4992 6138
598 519 953 592 COMMENTATIO
985 535 1038 586 so
1066 515 1410 608 QUAESTIONEM
1442 519 1769 594 zootoutclnt.
1981 524 2025 592 53

372 708 475 796 Quod
497 705 540 774 ad
563 730 688 793 organa
716 701 883 780 Auditus,
902 723 973 766 non
993 715 1126 794 tantum
1154 725 1219 788 par
1238 703 1418 793 proprium
1436 702 1485 768 iili
1509 702 1716 772 destinatum
1737 718 1809 784 est,
1832 701 2018 770 sedetiam

331 833 454 888 nervus
471 838 578 884 novus
597 819 659 897 (io
678 816 780 882 osseis
802 829 895 880 certe
914 833 984 878 non
1001 808 1098 877 adest
1112 813 1308 900 piscibus),
1331 837 1453 882 nervus
1473 813 1601 881 facialis
1625 815 1722 906 quasi
1745 814 1885 899 adjutor
1910 811 2013 880 audi·

332 934 411 998 torii
430 953 465 998 se
484 927 608 1020 partim
621 925 666 992 ad
685 923 750 992 boc
768 945 920 1010 organon
939 924 1069 990 vertite
1101 921 1157 988 bic
1175 922 1277 990 etiam
1295 921 1444 1001 nervus,
1467 946 1537 989 non
1563 948 1686 1016 parum
1706 924 1840 991 confert
1861 923 1903 989 ati
1925 947 2012 1010 per-

331 1044 508 1111 fectiorem
528 1054 735 1105 structuram
755 1031 1070 1102 demonstrandam·
1112 1035 1187 1101 iam
1209 1032 1355 1102 diximus
1383 1050 1519 1124 partem
1554 1039 1705 1126 corporis
1735 1037 1852 1104 ancis
1885 1037 2011 1111 Lucii.

327 1175 444 1222 sensus
469 1152 729 1231 continentem,
751 1171 821 1216 nou
841 1146 1046 1214 distinctam·
1060 1168 1133 1214 esse
1147 1171 1168 1226 ς.
1183 1147 1244 1213 sed
1267 1171 1374 1237 qnam
1397 1147 1433 1212 in
1446 1163 1519 1214 toto
1531 1171 1600 1214 nou
1617 1149 1891 1238 moreripotest,
1908 1148 2012 1215 etiam

329 1267 366 1335 in
384 1264 572 1332 minoribus
590 1247 745 1352 partibus
767 1257 882 1325 nullus
901 1259 942 1324 lit
965 1274 1093 1334 motus,
1118 1259 1184 1326 nisi
1207 1260 1299 1325 inter
1317 1281 1390 1326 ossa
1403 1260 1590 1329 maxillaris
1613 1281 1647 1330 et
1669 1262 1893 1349 opercuiaria.
1936 1259 2011 1326 Ex·

328 1375 541 1467 pressionem
565 1368 663 1436 faciei
688 1366 847 1434 musculis
867 1365 958 1446 illis,
983 1373 1044 1457 qui
1065 1366 1321 1436 inanimalibus
1340 1370 1504 1438 ruderum
1528 1373 1759 1438 causationum
1780 1371 1948 1442 ministri,
1972 1374 2011 1438 in

330 1489 468 1556 homine
491 1487 649 1550 internos
666 1479 854 1547 ostendunt
873 1480 1009 1551 dolores
1028 1481 1154 1559 animi,
1178 1505 1223 1548 ne
1243 1482 1415 1548 minimam
1437 1483 1810 1574 quidem-invenimus,
1830 1500 1866 1550 et
1890 1507 2010 1548 revera

330 1622 454 1674 nervus
479 1594 626 1676 facialis,
649 1591 710 1682 qui
727 1593 772 1658 ob
794 1590 915 1660 multas
935 1608 1162 1662 anastomoses
1182 1592 1413 1682 sympathicns
1433 1614 1556 1678 parvus
1586 1592 1822 1662 Winslowi·
1846 1609 2018 1674 uocatur„

330 1734 401 1780 non
426 1709 692 1791 adest;.orgaua
708 1702 824 1783 enim,
854 1705 1001 1792 quaein
1031 1703 1234 1770 animalibus
1262 1704 1494 1796 superioribus
1525 1705 1636 1794 petit,
1661 1725 1726 1790 pro
1752 1705 1895 1772 maxima
1913 1721 2014 1794 parte

328 1845 401 1890 non
421 1817 567 1888 adsunt..
601 1816 798 1902 Antequam
816 1833 1017 1902 pergamus,
1038 1811 1096 1880 bic
1117 1811 1209 1882 locus
1232 1831 1283 1880 est
1305 1812 1348 1878 de
1369 1817 1501 1898 organis
1519 1813 1621 1882 Vocis
1642 1815 1776 1892 dicere,
1802 1837 1889 1904 quae
1908 1817 2010 1882 etiam

328 1938 367 2004 iu
383 1933 491 2002 Esoce
507 1925 747 1995 desiderantur
770 1937 805 1991 et
825 1921 950 2012 quibus
980 1921 1074 1990 nervi
1101 1923 1212 2012 qninti
1235 1927 1349 2014 paris,
1372 1927 1641 2018 septimiparis,
1663 1948 1726 2016 par
1750 1947 1901 2010 nonum,
1924 1927 2020 1993 rami-

327 2047 422 2130 v'agi,
454 2034 632 2106 accessorii
658 2029 841 2100 Willisii
865 2047 900 2096 et
920 2029 1111 2120 hypoglossi
1134 2037 1342 2124 praesident.
1385 2035 1489 2126 Quod
1509 2032 1553 2099 ad
1572 2050 1715 2124 systema
1733 2036 2005 2126 beliiicstioois

328 2173 365 2225 et
388 2147 652 2224 Circulatiouis,
675 2143 748 2210 lere
766 2163 838 2208 non
870 2163 956 2230 opus
984 2159 1048 2210 est.
1065 2163 1187 2214 notare
1208 2148 1385 2234 ingentem
1413 2147 1642 2213 diii'erentiam
1678 2171 1861 2215 nervorum
1881 2149 2009 2236 rugiet

326 2263 531 2360 sympatbici
548 2263 586 2327 in
604 2259 761 2326 Esoceet
774 2255 813 2320 in
829 2253 1064 2322 Mammalibns
1080 2273 1123 2322 et
1135 2257 1295 2326 homines
1319 2280 1439 2326 revera
1460 2279 1596 2342 magnos
1618 2255 1691 2324 edit
1714 2279 1825 2324 ramos
1844 2283 1944 2344 vagos
1971 2264 2012 2326 in

325 2385 454 2463 Eccos,
477 2373 539 2444 sed
562 2371 623 2441 ubi
642 2373 678 2438 in
702 2389 745 2439 eo
769 2364 944 2436 iuvenitur
975 2364 1174 2455 complicata
1199 2368 1259 2438 illa
1280 2387 1436 2450 textura,
1471 2390 1556 2457 quse
1593 2390 1703 2436 ramos
1734 2370 1777 2436 ad
1808 2386 1859 2436 tot
1884 2392 2012 2458 organa

324 2494 467 2584 praebet
495 2505 531 2558 et
558 2485 684 2578 quibus
708 2486 810 2551 ramis
838 2501 964 2566 organa
986 2481 1206 2574 respit-storia
1230 2505 1307 2550 curn
1336 2484 1438 2548 tantis
1466 2478 1600 2564 organis
1632 2477 1830 2548 relationem
1850 2480 2014 2552 babenti-

326 2606 398 2675 Ubi
429 2601 547 2691 plexus
573 2593 758 2667 Gardiacns
786 2593 943 2680 superios
977 2615 1017 2658 ac
1040 2585 1205 2674 inie'rior,
1236 2592 1297 2658 ubi
1333 2593 1895 2661 communicationes·inveniuntur
1930 2619 2009 2664 curn

323 2717 431 2808 plexu
462 2711 587 2794 solari,
610 2707 778 2798 llepatico
813 2719 850 2770 et
875 2699 1140 2790 Splancbuicol
1193 2703 1263 2772 Sed
1295 2727 1409 2793 neque
1438 2707 1472 2771 bi
1500 2732 1519 2771 a
1552 2725 1657 2772 nervo
1687 2703 1902 2792 sympatbico
1929 2705 2013 2772 sor·-¹

322 2839 485 2910 mantuus
506 2823 546 2891 in
566 2821 635 2888 hcc
657 2836 784 2897 uerso,
812 2813 909 2898 cuins
933 2836 1047 2881 veram
1066 2813 1222 2882 nondum
1251 2818 1330 2883 satis
1362 2820 1576 2904 cognovimns
1608 2817 1829 2903 dignitatern,
1864 2839 2009 2909 appares

327 2953 458 3030 quanto
477 2925 658 3000 intervallo
674 2927 717 2994 ab
739 2925 875 2994 bomine
888 2923 977 2992 Esox
997 2925 1122 2994 Lucius
1142 2924 1258 2992 distet.
1301 2927 1353 2993 Ex
1371 2930 1490 2996 borum
1513 2929 1660 2998 datorum
1676 2928 1906 3017 descriptione
1928 2915 2013 3000 basis

328 3049 440 3120 omnia
468 3042 595 3112 lucida·
616 3039 719 3106 liunt.
776 3036 896 3125 Neque
928 3035 1094 3102 debemus
1122 3037 1278 3108 omittere
1300 3061 1443 3107 nervum
1468 3039 1820 3129 diaphragmaticum,
1844 3045 1904 3132 qui
1927 3043 2012 3113 dum

326 3163 366 3226 in
385 3151 583 3240 Ampbibiis
613 3151 728 3228 abest,
750 3145 787 3209 in
813 3142 922 3208 Esocc
951 3141 1045 3206 nulla
1076 3144 1285 3213 certitudine
1325 3164 1482 3238 repertus
1507 3154 1579 3228 est,
1609 3171 1680 3216 uon
1708 3149 1886 3216 minimum
1913 3153 2012 3220 ailert

327 3281 538 3339 momentum
567 3253 612 3325 ad
640 3273 766 3340 organa
789 3249 1029 3338 aspiratorie,
1063 3265 1098 3315 ct
1125 3274 1205 3338 ergo
1227 3255 1317 3323 vocis
1345 3258 1470 3338 etiam,
1498 3255 1674 3323 elevanda.
1718 3257 1776 3325 Sic
1797 3263 2013 3348 pervenimus

327 3381 372 3453 ad
391 3397 513 3450 nervos
537 3365 706 3464 spinales,
732 3359 794 3452 qui
821 3359 915 3452 quod
944 3359 988 3425 ad
1018 3376 1155 3441 ortum,
1187 3368 1224 3432 in
1256 3371 1362 3438 Escce
1382 3384 1417 3435 et
1443 3368 1479 3434 in
1498 3367 1744 3436 Mammalibua
1766 3387 1800 3436 et
1823 3377 2012 3463 praecipue

327 3495 366 3562 in
400 3485 539 3558 bomine
574 3475 660 3546 adeo
689 3472 872 3543 conserunt
901 3472 945 3540 ad
979 3497 1097 3542 eorum
1131 3478 1409 3566 perlectionem,
1441 3477 1479 3544 in
1511 3481 1638 3567 quibus
1676 3480 1875 3568 praesertim
1904 3500 2012 3552 tactus

327 3596 526 3701 praesidet,
548 3611 666 3660 sensus
686 3586 774 3670 illc,
799 3611 903 3678 quem
920 3589 1185 3656 Ronssavius
1207 3587 1295 3654 dixit
1315 3611 1450 3656 sensnm
1470 3611 1543 3656 esse
1573 3589 1686 3670 vitae,
1715 3605 1846 3658 tantum
1873 3594 2011 3661 schema

326 3722 364 3788 iu
392 3717 500 3784 Esoce
529 3701 732 3774 invenimus.
776 3702 819 3768 ln
846 3719 886 3764 eo
909 3720 1033 3784 nempe
1053 3695 1179 3765 nuliius
1200 3697 1386 3766 functionis
1405 3699 1553 3766 officium
1580 3698 1741 3784 praebet,
1766 3701 1830 3768 nisi
1857 3703 2012 3792 corporis

328 3837 461 3902 motus,
483 3833 517 3883 et
535 3833 742 3904 quamquam
758 3810 794 3876 in
816 3809 1101 3878 Mammalibuset
1120 3809 1257 3876 bomine
1278 3808 1381 3876 etiam
1406 3808 1487 3875 buic
1511 3827 1615 3897 scopo
1640 3805 1850 3892 inserviunt,
1874 3815 1940 3897 jans
1970 3815 2007 3881 ia

329 3931 449 4021 primis
471 3925 534 3994 alia
558 3927 728 4015 praebent
752 3923 885 4007 officia,
914 3942 946 3989 v.
973 3943 1007 3993 c.
1029 3925 1066 3988 iu
1095 3920 1223 4013 praeda
1246 3917 1414 4015 capienda
1440 3933 1475 3982 ct
1501 3913 1631 3981 artibus
1653 3917 1849 3986 nonnulliss
1885 3921 2009 4008 qui-bos

329 4061 412 4110 vero
435 4041 470 4105 in
499 4035 658 4118 homine,
686 4030 774 4098 duce
803 4031 965 4119 iugenio,
993 4035 1062 4120 jam
1087 4032 1298 4116 inserviant,
1323 4049 1522 4097 enumerare
1546 4048 1616 4092 nou
1647 4027 1823 4108 coraabora
1864 4031 2010 4118 quisque

329 4150 448 4219 melius
477 4147 542 4212 boc
569 4143 683 4211 faciet.
726 4139 861 4210 Exinde
893 4162 963 4209 nou
993 4143 1118 4209 mirum
1146 4138 1305 4223 videtne,
1338 4155 1485 4229 quatuor
1511 4132 1606 4221 paris
1639 4129 1800 4202 inferiora
1833 4141 2012 4208 cervicalia

330 4283 408 4329 cum
438 4275 533 4326 ramo
559 4253 774 4348 primiparis
801 4249 943 4320 dorsalis
975 4249 1013 4316 in
1039 4249 1198 4330 bomine,
1219 4265 1255 4319 et
1272 4252 1339 4318 tria
1356 4243 1535 4318 cervicalia
1559 4241 1722 4308 inferiora
1751 4269 1829 4314 curn
1852 4272 1921 4317 uuo
1949 4275 2013 4317 su-

330 4365 459 4461 periori
483 4365 557 4457 pari
582 4361 708 4430 dorsali
732 4361 770 4428 in
801 4360 1039 4430 Mammalibua
1071 4361 1208 4450 piexnm
1253 4361 1483 4442 constituere,
1513 4377 1547 4424 e·
1564 4374 1634 4444 quo
1666 4357 1824 4422 oriuntur
1855 4361 1938 4425 rami
1965 4360 2015 4427 ilii

331 4477 547 4560 crassissimi,
573 4477 633 4566 qni
655 4471 693 4540 in
711 4471 947 4568 superioribus
965 4473 1237 4542 extremitatibus
1254 4495 1326 4541 sese
1343 4467 1567 4538 distribuunt.

374 4589 470 4666 Remi
490 4581 666 4676 praecipui
684 4577 901 4650 anbalium
915 4599 1061 4665 coeunt,
1083 4597 1122 4649 ut
1143 4578 1352 4651 Femoralem
1371 4577 1577 4646 anteriorem
1595 4573 1667 4640 sire
1680 4569 1872 4659 censalem,
1895 4577 2014 4646 Obta.

328 4701 495 4770 satoriam
505 4745 529 4783 ,.
542 4713 577 4764 st
597 4695 815 4766 lacbicticum
833 4693 1048 4762 constituant·
1061 4713 1127 4780 pso
1148 4691 1421 4764 extremitatibus
1438 4685 1675 4758 insessoribus.

1255 4834 1258 4845 ·
1305 4803 1398 4874 Ge·
1960 4803 2018 4872 Sic
