4992 6138
569 519 926 598 eouureuru'rto
958 537 1009 592 an
1041 521 1385 612 Qu.tesr10ueu
1418 519 1746 596 zootootcttu.
1966 529 2005 598 ιε

1083 733 1115 818 g,
1160 727 1195 796 s.

707 921 790 996 I‘ar
816 917 1006 992 tertium.
1055 915 1222 992 Nervus
1248 917 1606 994 oculomotoriust

361 1111 493 1182 Nervus
511 1108 775 1182 oeulomotorius
799 1113 909 1195 (Tab.
930 1133 959 1180 r.
981 1109 1056 1196 erg.
1073 1129 1105 1194 7.
1118 1109 1187 1198 p.)
1212 1110 1434 1179 insertionem
1458 1109 1529 1198 (1)
1552 1109 1661 1178 babet
1675 1109 1711 1178 in
1741 1109 1906 1194 cerebro,
1928 1129 2009 1202 post

319 1225 498 1299 tubercula
522 1227 587 1296 tria
614 1223 755 1312 quaein
784 1221 948 1290 inferiore
977 1217 1161 1308 superficie
1192 1219 1325 1286 cerebri
1352 1219 1576 1290 inveniuntur
1602 1221 1817 1309 (secundnm
1846 1225 2008 1292 Carum

318 1341 452 1432 ganglia
482 1331 720 1428 bypopbysis)
751 1331 788 1396 in
811 1328 1016 1420 pedunculis
1046 1330 1190 1398 cerebri.
1234 1333 1302 1396 Pro
1328 1347 1427 1419 parte
1445 1333 1541 1418 justa
1563 1347 1599 1400 et
1616 1355 1683 1422 pro
1713 1351 1814 1424 parte
1836 1333 1928 1403 inira
1943 1357 2008 1424 par

323 1469 482 1545 qtrnrtnm
508 1446 685 1537 procurrit
699 1441 841 1532 oblique
863 1459 1057 1510 antrorsnm
1076 1455 1114 1509 et
1133 1463 1196 1534 par
1224 1440 1378 1510 foramen
1403 1437 1474 1508 alae
1506 1463 1649 1530 megnas
1676 1444 1757 1510 ossis
1785 1446 2009 1532 sphaeroidei

226 1567 230 1576 '
324 1565 415 1647 orit;
440 1564 508 1628 sive
527 1557 638 1652 potins
655 1555 748 1622 inter
764 1553 952 1642 marginem
975 1551 1044 1621 elae
1067 1566 1104 1618 et
1122 1553 1342 1622 membranae
1366 1549 1555 1620 claudentis
1578 1575 1684 1644 porro
1709 1556 1887 1625 cavitatem
1903 1554 2006 1623 oculi.

322 1677 454 1745 Nervus
476 1686 527 1738 est
543 1666 621 1734 satis
646 1684 777 1732 crasans
798 1663 868 1751 (a)
892 1679 927 1731 et
941 1663 1009 1730 cito
1028 1665 1065 1729 in
1090 1662 1231 1730 caritate
1250 1660 1324 1755 ipsa
1343 1662 1433 1730 oculi
1453 1685 1525 1731 sese
1550 1662 1675 1735 dividit
1689 1666 1724 1733 in
1750 1664 1835 1732 dnos
1855 1665 1964 1753 (Tab.
1977 1667 2012 1732 4.

322 1785 396 1871 Fig.
417 1807 445 1850 ι.
466 1805 511 1847 m.
532 1786 598 1862 n.)
624 1798 733 1843 ramos
755 1776 970 1866 praecipuos·
1005 1773 1130 1840 Remus
1152 1771 1285 1861 primns
1307 1772 1417 1859 (Tab.
1436 1775 1468 1842 4.
1491 1775 1563 1862 Fig.
1581 1798 1612 1844 ι.
1636 1775 1709 1864 m.)
1737 1779 1833 1864 juxta
1864 1799 2011 1844 museu-

322 1895 392 1964 lum
415 1910 546 1962 reetum
567 1883 769 1954 inferiorem
787 1885 878 1953 oculi
901 1889 1057 1974 positus,
1092 1879 1245 1950 surculos
1277 1881 1338 1950 dat
1362 1883 1412 1951 illi
1444 1883 1598 1952 musculo
1630 1901 1666 1953 et
1687 1887 1823 1956 tunicae
1854 1885 2007 1955 scelero-

323 2007 420 2074 ticae.
466 2005 565 2073 Alter
585 2019 698 2064 ramus
722 1998 836 2084 (Tab.
853 1999 886 2098 4:
908 1997 981 2084 Fig.
1003 2019 1031 2064 ι.
1051 1998 1110 2076 n.)
1138 1991 1203 2062 snb
1229 1991 1324 2062 buno
1355 1995 1545 2066 musculum
1565 2013 1701 2064 rectum
1723 1995 1923 2066 inferiorem
1939 2019 2007 2061 an·

325 2115 449 2183 teriora
470 2133 586 2180 versus
607 2108 643 2172 in
678 2107 789 2176 fundo
812 2109 945 2182 orbitae
972 2104 1087 2175 tendit
1118 2103 1163 2174 atl
1182 2102 1376 2176 musculum
1407 2104 1586 2198 obliquum
1610 2109 1807 2178 inferiorem
1834 2128 1868 2181 et
1888 2111 1926 2178 in
1944 2111 2011 2178 boc

321 2221 475 2294 musctrlo
492 2217 696 2310 plerumque
720 2219 829 2290 tribus
848 2215 949 2287 ramis
969 2217 1152 2287 evanescit.

1091 2398 1124 2482 ς.
1168 2389 1205 2462 r.

735 2585 822 2660 Par
844 2593 1063 2687 quartum.
1110 2581 1286 2658 Nervus
1310 2579 1580 2681 patheticus.

368 2783 502 2852 Nervus
528 2780 597 2870 (5)
617 2780 812 2868 patheticus
831 2776 1054 2845 insertionem
1079 2739 1192 2862 (Τὼ.
1212 2795 1244 2843 ι.
1265 2773 1337 2861 Fig.
1356 2796 1389 2862 7.
1411 2777 1469 2864 ss.)
1490 2776 1617 2860 babet,
1640 2796 1717 2868 post
1735 2777 1866 2850 lobulos
1883 2783 2015 2871 optieos

329 2912 365 2964 et
382 2909 461 2962 ante
485 2889 717 2976 cerebellum,
739 2891 775 2957 in
795 2884 924 2955 lamini
943 2884 1005 2952 bas
1024 2883 1108 2950 d'uas
1130 2898 1244 2977 partes
1264 2885 1518 2973 conjungentes
1544 2887 1727 2959 descendit
1754 2894 1850 2978 juxta
1873 2891 2014 2983 pedon·

329 3007 404 3076 cula
432 3004 567 3074 cerebri
585 3025 696 3094 usque
716 3000 759 3067 ad
787 2996 905 3082 basio,
929 3011 1015 3064 tnnc
1040 2997 1193 3064 anterius
1212 2991 1325 3062 tendit
1347 2993 1391 3060 ad
1411 3000 1571 3087 angulum
1593 3003 1702 3068 cranii
1724 3019 1760 3070 et
1777 3025 1841 3094 per
1862 3002 2015 3070 foramen

327 3115 432 3184 durae
447 3113 569 3183 Matris
588 3130 624 3180 et
644 3112 785 3180 aliarum
803 3105 1079 3178 membranarum
1104 3107 1264 3175 hocloco
1290 3108 1468 3196 cavitatem
1486 3109 1719 3180 claudentium
1746 3116 1816 3179 exit
1839 3115 1928 3180 etin
1950 3137 2012 3178 oa-

327 3230 431 3298 titttc
458 3224 550 3296 oculi
578 3224 695 3308 (Tan.
717 3245 746 3288 1.
779 3221 854 3304 Fig.
872 3220 907 3286 5.
926 3216 984 3304 4.)
1012 3217 1119 3284 venit.
1180 3216 1312 3284 Tendit
1342 3221 1438 3287 recti
1468 3218 1541 3287 lere
1569 3220 1612 3286 ad
1646 3239 1777 3312 partem
1808 3227 2016 3292 anteriorem

329 3333 491 3406 caritatis.
536 3335 623 3402 Cum
642 3351 735 3396 ramo
756 3325 853 3394 nervi
878 3323 993 3414 quinti
1018 3325 1134 3414 paris,
1159 3325 1219 3416 qui
1242 3324 1284 3392 ad
1304 3323 1447 3394 ollactus
1473 3350 1625 3416 organon
1649 3331 1782 3416 tendit,
1823 3331 1886 3399 tela
1911 3331 2016 3399 cellu-

328 3445 400 3512 losi
418 3457 470 3510 ast
490 3443 695 3526 conjunctos
722 3451 758 3503 et
776 3457 847 3502 sesa
871 3429 997 3502 dividit
1016 3435 1053 3502 in
1073 3432 1248 3516 surculos,
1270 3439 1333 3528 qui
1362 3437 1526 3510 desinunt
1556 3443 1600 3514 iu¹
1617 3442 1808 3513 musculum
1839 3441 2019 3536 obliquum

329 3553 540 3648 teneriorem
557 3565 593 3622 et
613 3545 756 3640 quidem
780 3548 818 3615 in
840 3543 954 3617 media
971 3547 1045 3616 sero
1060 3560 1172 3636 parte.

1100 3755 1133 3842 5.
1177 3752 1212 3822 e.

732 3943 818 4020 For
843 3940 1060 4044 quintum.
1109 3939 1144 4014 N
1153 3963 1287 4019 errus
1310 3943 1599 4042 trigeminos.

375 4151 417 4216 ln
433 4141 584 4216 medulll
606 4138 789 4225 oblongatl
808 4134 1028 4203 insertionem
1048 4131 1154 4198 babet
1172 4153 1295 4204 nervus
1313 4139 1513 4227 trigeminos
1540 4139 1553 4224 (
1564 4141 1654 4212 Τὼ.
1673 4161 1703 4207 ι.
1724 4139 1798 4226 Fig.
1819 4163 1852 4227 7.
1870 4143 1953 4232 5.)‚
1977 4141 2020 4206 ad

333 4265 441 4332 latera
464 4253 578 4350 quarti
603 4246 784 4318 ventriculi
802 4262 838 4317 et
858 4246 1001 4339 quidem
1021 4244 1153 4340 duplici
1173 4248 1258 4330 iilo,
1281 4248 1341 4340 qui
1364 4248 1433 4317 dno
1457 4251 1544 4318 rami
1558 4273 1632 4318 sesa
1655 4273 1726 4318 non
1744 4255 1957 4340 conjungunt
1975 4251 2019 4316 nd

1957 4387 2020 4429 rn-

369 4551 424 4626 (t)
452 4543 612 4607 Secundum
631 4541 764 4601 Carum
786 4537 818 4600 in
845 4539 962 4618 gangliis
978 4537 1183 4619 posterioribus
1206 4538 1324 4600 internis
1344 4539 1505 4600 lobnlorum
1526 4541 1695 4622 opticcrunta'

373 4649 430 4720 (a)
451 4643 593 4700 Iliamrtet
612 4641 765 4701 secttndutn
792 4637 991 4698 sertorium
1014 4647 1057 4694 cst
1074 4655 1195 4706 o,ooroo.

372 4739 428 4814 (3)
454 4737 598 4796 Diameter
616 4735 772 4798 secundum
794 4735 996 4796 Scrresium
1016 4733 1096 4796 nent
1117 4733 1252 4815 pathetici
1273 4743 1317 4794 est
1339 4733 1465 4804 o,⁰cc't5·
