<?xml version="1.0" encoding="UTF-8"?>
<!DOCTYPE html PUBLIC "-//W3C//DTD XHTML 1.0 Transitional//EN"
    "http://www.w3.org/TR/xhtml1/DTD/xhtml1-transitional.dtd">
<html xmlns="http://www.w3.org/1999/xhtml" xml:lang="en" lang="en">
 <head>
  <title>
</title>
<meta http-equiv="Content-Type" content="text/html;charset=utf-8" />
  <meta name='ocr-system' content='tesseract 3.04.00' />
  <meta name='ocr-capabilities' content='ocr_page ocr_carea ocr_par ocr_line ocrx_word'/>
</head>
<body>
  <div class='ocr_page' id='page_1' title='image "./carolimarinigil00giltgoog_0056.png"; bbox 0 0 4992 6138; ppageno 0'>
   <div class='ocr_carea' id='block_1_1' title="bbox 615 552 2051 649">
    <p class='ocr_par' dir='ltr' id='par_1_1' title="bbox 615 552 2051 649">
     <span class='ocr_line' id='line_1_1' title="bbox 615 552 2051 649; baseline 0.003 -25"><span class='ocrx_word' id='word_1_1' title='bbox 615 553 974 628; x_wconf 77' lang='lat' dir='ltr'><strong>COMMENTATIO</strong></span> <span class='ocrx_word' id='word_1_2' title='bbox 1006 568 1059 624; x_wconf 73' lang='lat' dir='ltr'><strong>rr</strong></span> <span class='ocrx_word' id='word_1_3' title='bbox 1088 552 1435 649; x_wconf 77' lang='lat' dir='ltr'><strong>QusnerottEM</strong></span> <span class='ocrx_word' id='word_1_4' title='bbox 1456 556 1795 632; x_wconf 74' lang='lat' dir='ltr'><strong>·200LOGICAM.</strong></span> <span class='ocrx_word' id='word_1_5' title='bbox 2009 561 2051 630; x_wconf 75' lang='lat' dir='ltr'><strong>sa</strong></span> 
     </span>
    </p>
   </div>
   <div class='ocr_carea' id='block_1_2' title="bbox 353 737 2117 3981">
    <p class='ocr_par' dir='ltr' id='par_1_2' title="bbox 356 737 2117 1735">
     <span class='ocr_line' id='line_1_2' title="bbox 356 737 2051 833; baseline -0.002 -21"><span class='ocrx_word' id='word_1_6' title='bbox 356 755 396 812; x_wconf 76' lang='lat' dir='ltr'><strong>ut</strong></span> <span class='ocrx_word' id='word_1_7' title='bbox 411 741 514 810; x_wconf 86' lang='lat' dir='ltr'><strong>etiam</strong></span> <span class='ocrx_word' id='word_1_8' title='bbox 530 753 691 830; x_wconf 83' lang='lat' dir='ltr'><strong>respectu</strong></span> <span class='ocrx_word' id='word_1_9' title='bbox 709 737 838 830; x_wconf 83' lang='lat' dir='ltr'><strong>reliqui</strong></span> <span class='ocrx_word' id='word_1_10' title='bbox 857 741 1011 833; x_wconf 87' lang='lat' dir='ltr'><strong>corporis</strong></span> <span class='ocrx_word' id='word_1_11' title='bbox 1026 767 1038 830; x_wconf 68' lang='grc' dir='ltr'><strong>ς</strong></span> <span class='ocrx_word' id='word_1_12' title='bbox 1062 741 1171 812; x_wconf 81' lang='lat' dir='ltr'><strong>forma</strong></span> <span class='ocrx_word' id='word_1_13' title='bbox 1190 741 1315 831; x_wconf 81' lang='lat' dir='ltr'><strong>gaudet</strong></span> <span class='ocrx_word' id='word_1_14' title='bbox 1331 741 1604 833; x_wconf 80' lang='lat' dir='ltr'><strong>perfectissima,</strong></span> <span class='ocrx_word' id='word_1_15' title='bbox 1626 740 1784 832; x_wconf 78' lang='lat' dir='ltr'><strong>globosa,</strong></span> <span class='ocrx_word' id='word_1_16' title='bbox 1807 758 1843 808; x_wconf 86' lang='lat' dir='ltr'><strong>et</strong></span> <span class='ocrx_word' id='word_1_17' title='bbox 1854 737 2051 808; x_wconf 72' lang='lat' dir='ltr'><strong>‘medullara</strong></span> 
     </span>
     <span class='ocr_line' id='line_1_3' title="bbox 357 851 2117 943; baseline -0.003 -20"><span class='ocrx_word' id='word_1_18' title='bbox 357 871 502 923; x_wconf 81' lang='lat' dir='ltr'><strong>stratum</strong></span> <span class='ocrx_word' id='word_1_19' title='bbox 520 855 557 920; x_wconf 90' lang='lat' dir='ltr'><strong>in</strong></span> <span class='ocrx_word' id='word_1_20' title='bbox 587 851 727 942; x_wconf 68' lang='lat' dir='ltr'><strong>gyrihae</strong></span> <span class='ocrx_word' id='word_1_21' title='bbox 745 873 831 943; x_wconf 85' lang='lat' dir='ltr'><strong>quos</strong></span> <span class='ocrx_word' id='word_1_22' title='bbox 853 853 923 940; x_wconf 85' lang='lat' dir='ltr'><strong>jam</strong></span> <span class='ocrx_word' id='word_1_23' title='bbox 945 853 983 921; x_wconf 89' lang='lat' dir='ltr'><strong>in</strong></span> <span class='ocrx_word' id='word_1_24' title='bbox 1006 857 1245 924; x_wconf 83' lang='lat' dir='ltr'><strong>Mammalibus</strong></span> <span class='ocrx_word' id='word_1_25' title='bbox 1266 855 1435 942; x_wconf 79' lang='lat' dir='ltr'><strong>vidimus,</strong></span> <span class='ocrx_word' id='word_1_26' title='bbox 1463 855 1620 925; x_wconf 85' lang='lat' dir='ltr'><strong>altiorem</strong></span> <span class='ocrx_word' id='word_1_27' title='bbox 1651 852 1802 925; x_wconf 82' lang='lat' dir='ltr'><strong>ostendit</strong></span> <span class='ocrx_word' id='word_1_28' title='bbox 1822 854 2049 941; x_wconf 76' lang='lat' dir='ltr'><strong>organisatio·</strong></span> <span class='ocrx_word' id='word_1_29' title='bbox 2113 903 2117 918; x_wconf 86' lang='lat'><em>.</em></span> 
     </span>
     <span class='ocr_line' id='line_1_4' title="bbox 359 965 2049 1061; baseline -0.002 -24"><span class='ocrx_word' id='word_1_30' title='bbox 359 989 467 1052; x_wconf 76' lang='lat' dir='ltr'><strong>nem3</strong></span> <span class='ocrx_word' id='word_1_31' title='bbox 493 966 659 1035; x_wconf 80' lang='lat' dir='ltr'><strong>divisione</strong></span> <span class='ocrx_word' id='word_1_32' title='bbox 693 987 755 1032; x_wconf 85' lang='lat' dir='ltr'><strong>sua</strong></span> <span class='ocrx_word' id='word_1_33' title='bbox 780 966 817 1031; x_wconf 90' lang='lat' dir='ltr'><strong>in</strong></span> <span class='ocrx_word' id='word_1_34' title='bbox 848 981 917 1034; x_wconf 84' lang='lat' dir='ltr'><strong>tres</strong></span> <span class='ocrx_word' id='word_1_35' title='bbox 940 965 1101 1049; x_wconf 78' lang='lat' dir='ltr'><strong>tabulas,</strong></span> <span class='ocrx_word' id='word_1_36' title='bbox 1135 986 1256 1061; x_wconf 83' lang='lat' dir='ltr'><strong>typum</strong></span> <span class='ocrx_word' id='word_1_37' title='bbox 1293 968 1488 1037; x_wconf 84' lang='lat' dir='ltr'><strong>animalium</strong></span> <span class='ocrx_word' id='word_1_38' title='bbox 1520 967 1801 1060; x_wconf 77' lang='lat' dir='ltr'><strong>imperfectorum</strong></span> <span class='ocrx_word' id='word_1_39' title='bbox 1828 969 1865 1031; x_wconf 91' lang='lat' dir='ltr'><strong>in</strong></span> <span class='ocrx_word' id='word_1_40' title='bbox 1897 988 1932 1032; x_wconf 89' lang='lat' dir='ltr'><strong>se</strong></span> <span class='ocrx_word' id='word_1_41' title='bbox 1958 989 2049 1034; x_wconf 84' lang='lat' dir='ltr'><strong>con·</strong></span> 
     </span>
     <span class='ocr_line' id='line_1_5' title="bbox 357 1069 2053 1170; baseline -0.001 -22"><span class='ocrx_word' id='word_1_42' title='bbox 357 1095 504 1150; x_wconf 75' lang='lat' dir='ltr'><strong>contrat.</strong></span> <span class='ocrx_word' id='word_1_43' title='bbox 551 1078 714 1146; x_wconf 80' lang='lat' dir='ltr'><strong>Erolutte</strong></span> <span class='ocrx_word' id='word_1_44' title='bbox 742 1069 903 1148; x_wconf 66' lang='lat' dir='ltr'><strong>cantares</strong></span> <span class='ocrx_word' id='word_1_45' title='bbox 933 1081 1116 1150; x_wconf 78' lang='lat' dir='ltr'><strong>ventriculi</strong></span> <span class='ocrx_word' id='word_1_46' title='bbox 1145 1083 1258 1170; x_wconf 82' lang='lat' dir='ltr'><strong>magni</strong></span> <span class='ocrx_word' id='word_1_47' title='bbox 1292 1103 1363 1148; x_wconf 85' lang='lat' dir='ltr'><strong>non</strong></span> <span class='ocrx_word' id='word_1_48' title='bbox 1395 1083 1534 1149; x_wconf 87' lang='lat' dir='ltr'><strong>minime</strong></span> <span class='ocrx_word' id='word_1_49' title='bbox 1558 1081 1783 1150; x_wconf 84' lang='lat' dir='ltr'><strong>contribuunt</strong></span> <span class='ocrx_word' id='word_1_50' title='bbox 1813 1078 1857 1147; x_wconf 83' lang='lat' dir='ltr'><strong>ad</strong></span> <span class='ocrx_word' id='word_1_51' title='bbox 1887 1081 2053 1164; x_wconf 85' lang='lat' dir='ltr'><strong>majorem</strong></span> 
     </span>
     <span class='ocr_line' id='line_1_6' title="bbox 356 1190 2046 1285; baseline -0.004 -22"><span class='ocrx_word' id='word_1_52' title='bbox 356 1192 606 1263; x_wconf 78' lang='lat' dir='ltr'><strong>evolutionem:</strong></span> <span class='ocrx_word' id='word_1_53' title='bbox 627 1191 749 1258; x_wconf 90' lang='lat' dir='ltr'><strong>harum</strong></span> <span class='ocrx_word' id='word_1_54' title='bbox 770 1193 862 1260; x_wconf 88' lang='lat' dir='ltr'><strong>enim</strong></span> <span class='ocrx_word' id='word_1_55' title='bbox 878 1193 1058 1262; x_wconf 81' lang='lat' dir='ltr'><strong>cavitatem</strong></span> <span class='ocrx_word' id='word_1_56' title='bbox 1075 1196 1111 1260; x_wconf 90' lang='lat' dir='ltr'><strong>in</strong></span> <span class='ocrx_word' id='word_1_57' title='bbox 1139 1196 1245 1263; x_wconf 85' lang='lat' dir='ltr'><strong>Esoce</strong></span> <span class='ocrx_word' id='word_1_58' title='bbox 1273 1196 1380 1262; x_wconf 90' lang='lat' dir='ltr'><strong>Lucio</strong></span> <span class='ocrx_word' id='word_1_59' title='bbox 1397 1218 1440 1262; x_wconf 88' lang='lat' dir='ltr'><strong>ne</strong></span> <span class='ocrx_word' id='word_1_60' title='bbox 1466 1195 1608 1285; x_wconf 85' lang='lat' dir='ltr'><strong>quidem</strong></span> <span class='ocrx_word' id='word_1_61' title='bbox 1630 1193 1809 1279; x_wconf 77' lang='lat' dir='ltr'><strong>vestigium</strong></span> <span class='ocrx_word' id='word_1_62' title='bbox 1829 1190 2046 1257; x_wconf 81' lang='lat' dir='ltr'><strong>invenimuse</strong></span> 
     </span>
     <span class='ocr_line' id='line_1_7' title="bbox 358 1301 2052 1396; baseline -0.002 -24"><span class='ocrx_word' id='word_1_63' title='bbox 358 1307 397 1374; x_wconf 93' lang='lat' dir='ltr'><strong>in</strong></span> <span class='ocrx_word' id='word_1_64' title='bbox 420 1307 461 1372; x_wconf 88' lang='lat' dir='ltr'><strong>iis</strong></span> <span class='ocrx_word' id='word_1_65' title='bbox 487 1307 589 1372; x_wconf 86' lang='lat' dir='ltr'><strong>ctiam</strong></span> <span class='ocrx_word' id='word_1_66' title='bbox 604 1303 669 1370; x_wconf 91' lang='lat' dir='ltr'><strong>sibi</strong></span> <span class='ocrx_word' id='word_1_67' title='bbox 695 1304 856 1372; x_wconf 81' lang='lat' dir='ltr'><strong>videntur</strong></span> <span class='ocrx_word' id='word_1_68' title='bbox 875 1322 1100 1374; x_wconf 87' lang='lat' dir='ltr'><strong>concentrare</strong></span> <span class='ocrx_word' id='word_1_69' title='bbox 1125 1307 1306 1390; x_wconf 79' lang='lat' dir='ltr'><strong>cavitates,</strong></span> <span class='ocrx_word' id='word_1_70' title='bbox 1328 1331 1414 1396; x_wconf 87' lang='lat' dir='ltr'><strong>quac</strong></span> <span class='ocrx_word' id='word_1_71' title='bbox 1430 1308 1466 1372; x_wconf 92' lang='lat' dir='ltr'><strong>iu</strong></span> <span class='ocrx_word' id='word_1_72' title='bbox 1489 1305 1631 1394; x_wconf 86' lang='lat' dir='ltr'><strong>reliquis</strong></span> <span class='ocrx_word' id='word_1_73' title='bbox 1648 1305 1765 1372; x_wconf 80' lang='lat' dir='ltr'><strong>marsia</strong></span> <span class='ocrx_word' id='word_1_74' title='bbox 1790 1301 1937 1391; x_wconf 85' lang='lat' dir='ltr'><strong>(lohulis</strong></span> <span class='ocrx_word' id='word_1_75' title='bbox 1957 1304 2052 1395; x_wconf 86' lang='lat' dir='ltr'><strong>opti·</strong></span> 
     </span>
     <span class='ocr_line' id='line_1_8' title="bbox 361 1414 2056 1510; baseline -0.002 -24"><span class='ocrx_word' id='word_1_76' title='bbox 361 1420 409 1486; x_wconf 85' lang='lat' dir='ltr'><strong>cis</strong></span> <span class='ocrx_word' id='word_1_77' title='bbox 427 1433 462 1486; x_wconf 89' lang='lat' dir='ltr'><strong>et</strong></span> <span class='ocrx_word' id='word_1_78' title='bbox 482 1414 673 1505; x_wconf 87' lang='lat' dir='ltr'><strong>cerebello)</strong></span> <span class='ocrx_word' id='word_1_79' title='bbox 694 1439 764 1486; x_wconf 87' lang='lat' dir='ltr'><strong>nou</strong></span> <span class='ocrx_word' id='word_1_80' title='bbox 785 1416 929 1510; x_wconf 88' lang='lat' dir='ltr'><strong>amplius</strong></span> <span class='ocrx_word' id='word_1_81' title='bbox 948 1419 1085 1485; x_wconf 88' lang='lat' dir='ltr'><strong>adsunt.</strong></span> <span class='ocrx_word' id='word_1_82' title='bbox 1130 1421 1403 1510; x_wconf 86' lang='lat' dir='ltr'><strong>Descriptionem</strong></span> <span class='ocrx_word' id='word_1_83' title='bbox 1425 1419 1605 1487; x_wconf 80' lang='lat' dir='ltr'><strong>cavitatem</strong></span> <span class='ocrx_word' id='word_1_84' title='bbox 1622 1432 1658 1486; x_wconf 95' lang='lat' dir='ltr'><strong>et</strong></span> <span class='ocrx_word' id='word_1_85' title='bbox 1677 1415 1887 1506; x_wconf 85' lang='lat' dir='ltr'><strong>reliquarum</strong></span> <span class='ocrx_word' id='word_1_86' title='bbox 1904 1417 2056 1503; x_wconf 89' lang='lat' dir='ltr'><strong>partium</strong></span> 
     </span>
     <span class='ocr_line' id='line_1_9' title="bbox 360 1526 2059 1622; baseline -0.002 -24"><span class='ocrx_word' id='word_1_87' title='bbox 360 1530 629 1622; x_wconf 84' lang='lat' dir='ltr'><strong>haemisphaeria</strong></span> <span class='ocrx_word' id='word_1_88' title='bbox 646 1532 924 1620; x_wconf 83' lang='lat' dir='ltr'><strong>componentium</strong></span> <span class='ocrx_word' id='word_1_89' title='bbox 940 1531 998 1597; x_wconf 89' lang='lat' dir='ltr'><strong>hic</strong></span> <span class='ocrx_word' id='word_1_90' title='bbox 1018 1555 1087 1598; x_wconf 93' lang='lat' dir='ltr'><strong>non</strong></span> <span class='ocrx_word' id='word_1_91' title='bbox 1108 1531 1286 1622; x_wconf 80' lang='lat' dir='ltr'><strong>dabimus3</strong></span> <span class='ocrx_word' id='word_1_92' title='bbox 1309 1533 1432 1601; x_wconf 88' lang='lat' dir='ltr'><strong>inutile</strong></span> <span class='ocrx_word' id='word_1_93' title='bbox 1449 1531 1560 1617; x_wconf 82' lang='lat' dir='ltr'><strong>soret,</strong></span> <span class='ocrx_word' id='word_1_94' title='bbox 1587 1529 1671 1598; x_wconf 88' lang='lat' dir='ltr'><strong>dum</strong></span> <span class='ocrx_word' id='word_1_95' title='bbox 1694 1526 1789 1596; x_wconf 89' lang='lat' dir='ltr'><strong>nulla</strong></span> <span class='ocrx_word' id='word_1_96' title='bbox 1811 1527 1883 1594; x_wconf 81' lang='lat' dir='ltr'><strong>lere</strong></span> <span class='ocrx_word' id='word_1_97' title='bbox 1910 1527 2059 1595; x_wconf 82' lang='lat' dir='ltr'><strong>offerunt</strong></span> 
     </span>
     <span class='ocr_line' id='line_1_10' title="bbox 361 1644 1823 1735; baseline -0.001 -21"><span class='ocrx_word' id='word_1_98' title='bbox 361 1645 569 1735; x_wconf 70' lang='lat' dir='ltr'><strong>peculiariae</strong></span> <span class='ocrx_word' id='word_1_99' title='bbox 599 1645 754 1710; x_wconf 86' lang='lat' dir='ltr'><strong>universe</strong></span> <span class='ocrx_word' id='word_1_100' title='bbox 774 1646 866 1711; x_wconf 89' lang='lat' dir='ltr'><strong>utin</strong></span> <span class='ocrx_word' id='word_1_101' title='bbox 885 1644 1122 1710; x_wconf 89' lang='lat' dir='ltr'><strong>Mammalibus</strong></span> <span class='ocrx_word' id='word_1_102' title='bbox 1144 1667 1215 1712; x_wconf 82' lang='lat' dir='ltr'><strong>sese</strong></span> <span class='ocrx_word' id='word_1_103' title='bbox 1236 1647 1376 1714; x_wconf 83' lang='lat' dir='ltr'><strong>habent.</strong></span> <span class='ocrx_word' id='word_1_104' title='bbox 1819 1651 1823 1658; x_wconf 86' lang='lat'><em>&#39;</em></span> 
     </span>
    </p>

    <p class='ocr_par' dir='ltr' id='par_1_3' title="bbox 353 1752 2062 2612">
     <span class='ocr_line' id='line_1_11' title="bbox 405 1752 2055 1850; baseline -0.004 -23"><span class='ocrx_word' id='word_1_105' title='bbox 405 1755 550 1844; x_wconf 85' lang='lat' dir='ltr'><strong>Ganglia</strong></span> <span class='ocrx_word' id='word_1_106' title='bbox 576 1755 935 1850; x_wconf 69' lang='lat' dir='ltr'><strong>hemisphaeriorum.</strong></span> <span class='ocrx_word' id='word_1_107' title='bbox 977 1758 1019 1821; x_wconf 88' lang='lat' dir='ltr'><strong>ln</strong></span> <span class='ocrx_word' id='word_1_108' title='bbox 1042 1755 1165 1824; x_wconf 87' lang='lat' dir='ltr'><strong>codem</strong></span> <span class='ocrx_word' id='word_1_109' title='bbox 1180 1757 1287 1845; x_wconf 80' lang='lat' dir='ltr'><strong>gradu</strong></span> <span class='ocrx_word' id='word_1_110' title='bbox 1312 1783 1351 1826; x_wconf 90' lang='lat' dir='ltr'><strong>ac</strong></span> <span class='ocrx_word' id='word_1_111' title='bbox 1378 1759 1454 1846; x_wconf 82' lang='lat' dir='ltr'><strong>ipsa</strong></span> <span class='ocrx_word' id='word_1_112' title='bbox 1478 1755 1775 1846; x_wconf 85' lang='lat' dir='ltr'><strong>haemisphaeria,</strong></span> <span class='ocrx_word' id='word_1_113' title='bbox 1804 1769 1884 1821; x_wconf 84' lang='lat' dir='ltr'><strong>sunt</strong></span> <span class='ocrx_word' id='word_1_114' title='bbox 1901 1752 2055 1822; x_wconf 74' lang='lat' dir='ltr'><strong>evolutae</strong></span> 
     </span>
     <span class='ocr_line' id='line_1_12' title="bbox 361 1855 2057 1962; baseline -0.005 -24"><span class='ocrx_word' id='word_1_115' title='bbox 361 1871 472 1938; x_wconf 73' lang='lat' dir='ltr'><strong>forma</strong></span> <span class='ocrx_word' id='word_1_116' title='bbox 491 1855 629 1956; x_wconf 86' lang='lat' dir='ltr'><strong>globosa</strong></span> <span class='ocrx_word' id='word_1_117' title='bbox 645 1885 696 1936; x_wconf 86' lang='lat' dir='ltr'><strong>est</strong></span> <span class='ocrx_word' id='word_1_118' title='bbox 714 1883 749 1934; x_wconf 89' lang='lat' dir='ltr'><strong>et</strong></span> <span class='ocrx_word' id='word_1_119' title='bbox 770 1868 1005 1954; x_wconf 84' lang='lat' dir='ltr'><strong>magnitudino</strong></span> <span class='ocrx_word' id='word_1_120' title='bbox 1022 1893 1090 1936; x_wconf 86' lang='lat' dir='ltr'><strong>sea</strong></span> <span class='ocrx_word' id='word_1_121' title='bbox 1112 1871 1251 1962; x_wconf 84' lang='lat' dir='ltr'><strong>reliquie</strong></span> <span class='ocrx_word' id='word_1_122' title='bbox 1268 1869 1427 1960; x_wconf 85' lang='lat' dir='ltr'><strong>partibus</strong></span> <span class='ocrx_word' id='word_1_123' title='bbox 1446 1869 1673 1956; x_wconf 80' lang='lat' dir='ltr'><strong>distinguunt.</strong></span> <span class='ocrx_word' id='word_1_124' title='bbox 1719 1869 1775 1936; x_wconf 85' lang='lat' dir='ltr'><strong>Ab</strong></span> <span class='ocrx_word' id='word_1_125' title='bbox 1786 1866 1909 1934; x_wconf 86' lang='lat' dir='ltr'><strong>iisdem</strong></span> <span class='ocrx_word' id='word_1_126' title='bbox 1923 1867 2057 1951; x_wconf 78' lang='lat' dir='ltr'><strong>organis</strong></span> 
     </span>
     <span class='ocr_line' id='line_1_13' title="bbox 363 1978 2062 2076; baseline -0.003 -25"><span class='ocrx_word' id='word_1_127' title='bbox 363 1985 403 2051; x_wconf 88' lang='lat' dir='ltr'><strong>iu</strong></span> <span class='ocrx_word' id='word_1_128' title='bbox 425 1983 567 2070; x_wconf 87' lang='lat' dir='ltr'><strong>reliquis</strong></span> <span class='ocrx_word' id='word_1_129' title='bbox 599 1978 861 2062; x_wconf 86' lang='lat' dir='ltr'><strong>Mammalibus,</strong></span> <span class='ocrx_word' id='word_1_130' title='bbox 887 1982 955 2050; x_wconf 89' lang='lat' dir='ltr'><strong>hac</strong></span> <span class='ocrx_word' id='word_1_131' title='bbox 986 1983 1177 2052; x_wconf 75' lang='lat' dir='ltr'><strong>evolutione</strong></span> <span class='ocrx_word' id='word_1_132' title='bbox 1210 1984 1421 2076; x_wconf 84' lang='lat' dir='ltr'><strong>discrepant.</strong></span> <span class='ocrx_word' id='word_1_133' title='bbox 1453 1979 1613 2052; x_wconf 85' lang='lat' dir='ltr'><strong>·Radioes</strong></span> <span class='ocrx_word' id='word_1_134' title='bbox 1648 2003 1833 2050; x_wconf 83' lang='lat' dir='ltr'><strong>nervorum</strong></span> <span class='ocrx_word' id='word_1_135' title='bbox 1866 1980 2062 2066; x_wconf 86' lang='lat' dir='ltr'><strong>opticorum</strong></span> 
     </span>
     <span class='ocr_line' id='line_1_14' title="bbox 353 2093 2056 2187; baseline 0.002 -25"><span class='ocrx_word' id='word_1_136' title='bbox 353 2099 400 2162; x_wconf 89' lang='lat' dir='ltr'><strong>&#39;iu</strong></span> <span class='ocrx_word' id='word_1_137' title='bbox 421 2097 559 2162; x_wconf 87' lang='lat' dir='ltr'><strong>homine</strong></span> <span class='ocrx_word' id='word_1_138' title='bbox 580 2093 682 2161; x_wconf 86' lang='lat' dir='ltr'><strong>etiam</strong></span> <span class='ocrx_word' id='word_1_139' title='bbox 703 2114 808 2182; x_wconf 87' lang='lat' dir='ltr'><strong>supra</strong></span> <span class='ocrx_word' id='word_1_140' title='bbox 826 2117 865 2161; x_wconf 87' lang='lat' dir='ltr'><strong>ea</strong></span> <span class='ocrx_word' id='word_1_141' title='bbox 886 2115 1098 2187; x_wconf 88' lang='lat' dir='ltr'><strong>procurrunt</strong></span> <span class='ocrx_word' id='word_1_142' title='bbox 1118 2113 1152 2162; x_wconf 87' lang='lat' dir='ltr'><strong>et</strong></span> <span class='ocrx_word' id='word_1_143' title='bbox 1173 2097 1313 2186; x_wconf 87' lang='lat' dir='ltr'><strong>quidem</strong></span> <span class='ocrx_word' id='word_1_144' title='bbox 1338 2097 1512 2166; x_wconf 80' lang='lat' dir='ltr'><strong>filananu</strong></span> <span class='ocrx_word' id='word_1_145' title='bbox 1535 2121 1553 2162; x_wconf 84' lang='lat' dir='ltr'><strong>a</strong></span> <span class='ocrx_word' id='word_1_146' title='bbox 1575 2093 1717 2180; x_wconf 78' lang='lat' dir='ltr'><strong>ganglilt</strong></span> <span class='ocrx_word' id='word_1_147' title='bbox 1745 2094 1946 2183; x_wconf 75' lang='lat' dir='ltr'><strong>rccipiunt,</strong></span> <span class='ocrx_word' id='word_1_148' title='bbox 1971 2107 2056 2158; x_wconf 78' lang='lat' dir='ltr'><strong>ttu-</strong></span> 
     </span>
     <span class='ocr_line' id='line_1_15' title="bbox 363 2203 2053 2300; baseline -0.002 -26"><span class='ocrx_word' id='word_1_149' title='bbox 363 2223 437 2274; x_wconf 90' lang='lat' dir='ltr'><strong>tum</strong></span> <span class='ocrx_word' id='word_1_150' title='bbox 457 2221 618 2300; x_wconf 88' lang='lat' dir='ltr'><strong>respectu</strong></span> <span class='ocrx_word' id='word_1_151' title='bbox 642 2227 768 2272; x_wconf 84' lang='lat' dir='ltr'><strong>massae</strong></span> <span class='ocrx_word' id='word_1_152' title='bbox 793 2228 973 2272; x_wconf 81' lang='lat' dir='ltr'><strong>nervorum</strong></span> <span class='ocrx_word' id='word_1_153' title='bbox 995 2225 1030 2274; x_wconf 91' lang='lat' dir='ltr'><strong>et</strong></span> <span class='ocrx_word' id='word_1_154' title='bbox 1061 2207 1253 2275; x_wconf 80' lang='lat' dir='ltr'><strong>lob&#39;ulorum</strong></span> <span class='ocrx_word' id='word_1_155' title='bbox 1284 2211 1479 2298; x_wconf 86' lang='lat' dir='ltr'><strong>opticorum</strong></span> <span class='ocrx_word' id='word_1_156' title='bbox 1504 2205 1792 2295; x_wconf 73' lang='lat' dir='ltr'><strong>praevalentibus.</strong></span> <span class='ocrx_word' id='word_1_157' title='bbox 1838 2209 1976 2292; x_wconf 83' lang='lat' dir='ltr'><strong>Organa</strong></span> <span class='ocrx_word' id='word_1_158' title='bbox 2003 2203 2053 2270; x_wconf 81' lang='lat' dir='ltr'><strong>sic</strong></span> 
     </span>
     <span class='ocr_line' id='line_1_16' title="bbox 360 2315 2060 2409; baseline -0.004 -23"><span class='ocrx_word' id='word_1_159' title='bbox 360 2324 399 2386; x_wconf 89' lang='lat' dir='ltr'><strong>in</strong></span> <span class='ocrx_word' id='word_1_160' title='bbox 417 2319 569 2409; x_wconf 81' lang='lat' dir='ltr'><strong>piscibus</strong></span> <span class='ocrx_word' id='word_1_161' title='bbox 599 2343 668 2384; x_wconf 88' lang='lat' dir='ltr'><strong>nou</strong></span> <span class='ocrx_word' id='word_1_162' title='bbox 697 2321 915 2406; x_wconf 80' lang='lat' dir='ltr'><strong>praesentia,</strong></span> <span class='ocrx_word' id='word_1_163' title='bbox 941 2320 975 2384; x_wconf 90' lang='lat' dir='ltr'><strong>in</strong></span> <span class='ocrx_word' id='word_1_164' title='bbox 1002 2321 1198 2409; x_wconf 74' lang='lat' dir='ltr'><strong>amphibiis</strong></span> <span class='ocrx_word' id='word_1_165' title='bbox 1223 2337 1259 2386; x_wconf 87' lang='lat' dir='ltr'><strong>et</strong></span> <span class='ocrx_word' id='word_1_166' title='bbox 1282 2319 1411 2386; x_wconf 76' lang='lat' dir='ltr'><strong>Avibus</strong></span> <span class='ocrx_word' id='word_1_167' title='bbox 1430 2317 1651 2385; x_wconf 76' lang='lat' dir='ltr'><strong>subordinate</strong></span> <span class='ocrx_word' id='word_1_168' title='bbox 1673 2334 1707 2384; x_wconf 92' lang='lat' dir='ltr'><strong>et</strong></span> <span class='ocrx_word' id='word_1_169' title='bbox 1727 2341 1796 2384; x_wconf 89' lang='lat' dir='ltr'><strong>non</strong></span> <span class='ocrx_word' id='word_1_170' title='bbox 1826 2315 2060 2406; x_wconf 80' lang='lat' dir='ltr'><strong>comparanda</strong></span> 
     </span>
     <span class='ocr_line' id='line_1_17' title="bbox 361 2428 2056 2524; baseline -0.002 -27"><span class='ocrx_word' id='word_1_171' title='bbox 361 2433 433 2499; x_wconf 90' lang='lat' dir='ltr'><strong>ullo</strong></span> <span class='ocrx_word' id='word_1_172' title='bbox 452 2431 558 2498; x_wconf 89' lang='lat' dir='ltr'><strong>modo</strong></span> <span class='ocrx_word' id='word_1_173' title='bbox 580 2453 657 2496; x_wconf 90' lang='lat' dir='ltr'><strong>cum</strong></span> <span class='ocrx_word' id='word_1_174' title='bbox 680 2429 804 2496; x_wconf 85' lang='lat' dir='ltr'><strong>lobulis</strong></span> <span class='ocrx_word' id='word_1_175' title='bbox 828 2431 951 2524; x_wconf 86' lang='lat' dir='ltr'><strong>opticis</strong></span> <span class='ocrx_word' id='word_1_176' title='bbox 972 2434 1009 2498; x_wconf 90' lang='lat' dir='ltr'><strong>in</strong></span> <span class='ocrx_word' id='word_1_177' title='bbox 1025 2433 1190 2517; x_wconf 85' lang='lat' dir='ltr'><strong>bomine,</strong></span> <span class='ocrx_word' id='word_1_178' title='bbox 1213 2430 1333 2500; x_wconf 87' lang='lat' dir='ltr'><strong>iisdem</strong></span> <span class='ocrx_word' id='word_1_179' title='bbox 1351 2433 1508 2521; x_wconf 78' lang='lat' dir='ltr'><strong>partibus</strong></span> <span class='ocrx_word' id='word_1_180' title='bbox 1527 2429 1749 2519; x_wconf 87' lang='lat' dir='ltr'><strong>praevalent,</strong></span> <span class='ocrx_word' id='word_1_181' title='bbox 1774 2451 1861 2522; x_wconf 83' lang='lat' dir='ltr'><strong>quae</strong></span> <span class='ocrx_word' id='word_1_182' title='bbox 1886 2433 1923 2496; x_wconf 90' lang='lat' dir='ltr'><strong>in</strong></span> <span class='ocrx_word' id='word_1_183' title='bbox 1958 2428 2056 2518; x_wconf 86' lang='lat' dir='ltr'><strong>prio·</strong></span> 
     </span>
     <span class='ocr_line' id='line_1_18' title="bbox 359 2541 928 2612; baseline 0.002 -1"><span class='ocrx_word' id='word_1_184' title='bbox 359 2547 455 2612; x_wconf 85' lang='lat' dir='ltr'><strong>ribus</strong></span> <span class='ocrx_word' id='word_1_185' title='bbox 476 2543 618 2610; x_wconf 82' lang='lat' dir='ltr'><strong>maxime</strong></span> <span class='ocrx_word' id='word_1_186' title='bbox 641 2541 795 2610; x_wconf 84' lang='lat' dir='ltr'><strong>evolutae</strong></span> <span class='ocrx_word' id='word_1_187' title='bbox 817 2559 928 2612; x_wconf 83' lang='lat' dir='ltr'><strong>erant.</strong></span> 
     </span>
    </p>

    <p class='ocr_par' dir='ltr' id='par_1_4' title="bbox 360 2651 2056 2950">
     <span class='ocr_line' id='line_1_19' title="bbox 405 2651 2056 2750; baseline -0.003 -27"><span class='ocrx_word' id='word_1_188' title='bbox 405 2654 558 2723; x_wconf 87' lang='lat' dir='ltr'><strong>Medulla</strong></span> <span class='ocrx_word' id='word_1_189' title='bbox 575 2652 728 2746; x_wconf 87' lang='lat' dir='ltr'><strong>spinalis.</strong></span> <span class='ocrx_word' id='word_1_190' title='bbox 771 2655 847 2720; x_wconf 81' lang='lat' dir='ltr'><strong>lam</strong></span> <span class='ocrx_word' id='word_1_191' title='bbox 875 2655 1086 2724; x_wconf 85' lang='lat' dir='ltr'><strong>ostendimus</strong></span> <span class='ocrx_word' id='word_1_192' title='bbox 1113 2659 1293 2726; x_wconf 88' lang='lat' dir='ltr'><strong>cerebrum</strong></span> <span class='ocrx_word' id='word_1_193' title='bbox 1319 2653 1517 2750; x_wconf 74' lang='lat' dir='ltr'><strong>praevalere</strong></span> <span class='ocrx_word' id='word_1_194' title='bbox 1535 2653 1704 2723; x_wconf 86' lang='lat' dir='ltr'><strong>medullae</strong></span> <span class='ocrx_word' id='word_1_195' title='bbox 1723 2655 1873 2746; x_wconf 85' lang='lat' dir='ltr'><strong>spinali,</strong></span> <span class='ocrx_word' id='word_1_196' title='bbox 1897 2651 1990 2745; x_wconf 89' lang='lat' dir='ltr'><strong>quod</strong></span> <span class='ocrx_word' id='word_1_197' title='bbox 2012 2651 2056 2718; x_wconf 86' lang='lat' dir='ltr'><strong>ad</strong></span> 
     </span>
     <span class='ocr_line' id='line_1_20' title="bbox 360 2764 2056 2861; baseline -0.002 -27"><span class='ocrx_word' id='word_1_198' title='bbox 360 2767 600 2857; x_wconf 83' lang='lat' dir='ltr'><strong>perfectiorem</strong></span> <span class='ocrx_word' id='word_1_199' title='bbox 626 2767 872 2844; x_wconf 81' lang='lat' dir='ltr'><strong>evolutionem,</strong></span> <span class='ocrx_word' id='word_1_200' title='bbox 901 2767 961 2836; x_wconf 90' lang='lat' dir='ltr'><strong>sed</strong></span> <span class='ocrx_word' id='word_1_201' title='bbox 990 2769 1062 2838; x_wconf 84' lang='lat' dir='ltr'><strong>aliis</strong></span> <span class='ocrx_word' id='word_1_202' title='bbox 1092 2771 1360 2860; x_wconf 88' lang='lat' dir='ltr'><strong>proprietatibus</strong></span> <span class='ocrx_word' id='word_1_203' title='bbox 1385 2769 1491 2861; x_wconf 84' lang='lat' dir='ltr'><strong>ipsius</strong></span> <span class='ocrx_word' id='word_1_204' title='bbox 1513 2769 1684 2838; x_wconf 84' lang='lat' dir='ltr'><strong>medullae</strong></span> <span class='ocrx_word' id='word_1_205' title='bbox 1704 2768 1847 2859; x_wconf 90' lang='lat' dir='ltr'><strong>spinalis</strong></span> <span class='ocrx_word' id='word_1_206' title='bbox 1872 2765 1967 2834; x_wconf 84' lang='lat' dir='ltr'><strong>idem</strong></span> <span class='ocrx_word' id='word_1_207' title='bbox 1986 2764 2056 2831; x_wconf 93' lang='lat' dir='ltr'><strong>de·</strong></span> 
     </span>
     <span class='ocr_line' id='line_1_21' title="bbox 360 2879 812 2950; baseline -0.007 -1"><span class='ocrx_word' id='word_1_208' title='bbox 360 2897 586 2949; x_wconf 87' lang='lat' dir='ltr'><strong>monstratum</strong></span> <span class='ocrx_word' id='word_1_209' title='bbox 608 2879 812 2950; x_wconf 79' lang='lat' dir='ltr'><strong>ridebimus.</strong></span> 
     </span>
    </p>

    <p class='ocr_par' dir='ltr' id='par_1_5' title="bbox 357 2991 2051 3532">
     <span class='ocr_line' id='line_1_22' title="bbox 403 2991 2050 3088; baseline -0.001 -27"><span class='ocrx_word' id='word_1_210' title='bbox 403 2995 542 3079; x_wconf 88' lang='lat' dir='ltr'><strong>Primo,</strong></span> <span class='ocrx_word' id='word_1_211' title='bbox 564 3016 671 3062; x_wconf 85' lang='lat' dir='ltr'><strong>massa</strong></span> <span class='ocrx_word' id='word_1_212' title='bbox 692 3016 799 3082; x_wconf 79' lang='lat' dir='ltr'><strong>parra</strong></span> <span class='ocrx_word' id='word_1_213' title='bbox 828 2993 948 3081; x_wconf 78' lang='lat' dir='ltr'><strong>exigua</strong></span> <span class='ocrx_word' id='word_1_214' title='bbox 984 3003 1145 3088; x_wconf 79' lang='lat' dir='ltr'><strong>respectu</strong></span> <span class='ocrx_word' id='word_1_215' title='bbox 1176 2995 1322 3066; x_wconf 83' lang='lat' dir='ltr'><strong>cerebri.</strong></span> <span class='ocrx_word' id='word_1_216' title='bbox 1368 2993 1731 3080; x_wconf 85' lang='lat' dir='ltr'><strong>Soemerringius</strong></span> <span class='ocrx_word' id='word_1_217' title='bbox 1768 2993 1837 3080; x_wconf 87' lang='lat' dir='ltr'><strong>jam</strong></span> <span class='ocrx_word' id='word_1_218' title='bbox 1864 2991 1954 3058; x_wconf 85' lang='lat' dir='ltr'><strong>dixit</strong></span> <span class='ocrx_word' id='word_1_219' title='bbox 1980 2991 2050 3060; x_wconf 87' lang='lat' dir='ltr'><strong>bo·</strong></span> 
     </span>
     <span class='ocr_line' id='line_1_23' title="bbox 358 3101 2048 3195; baseline -0.005 -19"><span class='ocrx_word' id='word_1_220' title='bbox 358 3107 487 3176; x_wconf 87' lang='lat' dir='ltr'><strong>minem</strong></span> <span class='ocrx_word' id='word_1_221' title='bbox 503 3106 712 3175; x_wconf 81' lang='lat' dir='ltr'><strong>tenuissimos</strong></span> <span class='ocrx_word' id='word_1_222' title='bbox 725 3105 854 3173; x_wconf 86' lang='lat' dir='ltr'><strong>babere</strong></span> <span class='ocrx_word' id='word_1_223' title='bbox 868 3128 1014 3189; x_wconf 77' lang='lat' dir='ltr'><strong>nervos,</strong></span> <span class='ocrx_word' id='word_1_224' title='bbox 1038 3131 1103 3174; x_wconf 88' lang='lat' dir='ltr'><strong>nec</strong></span> <span class='ocrx_word' id='word_1_225' title='bbox 1122 3125 1192 3174; x_wconf 90' lang='lat' dir='ltr'><strong>non</strong></span> <span class='ocrx_word' id='word_1_226' title='bbox 1205 3107 1434 3173; x_wconf 86' lang='lat' dir='ltr'><strong>tenuissimam</strong></span> <span class='ocrx_word' id='word_1_227' title='bbox 1444 3105 1626 3174; x_wconf 85' lang='lat' dir='ltr'><strong>medullam</strong></span> <span class='ocrx_word' id='word_1_228' title='bbox 1638 3101 1826 3195; x_wconf 76' lang='lat' dir='ltr'><strong>spinaleme</strong></span> <span class='ocrx_word' id='word_1_229' title='bbox 1851 3118 1887 3169; x_wconf 86' lang='lat' dir='ltr'><strong>et</strong></span> <span class='ocrx_word' id='word_1_230' title='bbox 1909 3126 2048 3181; x_wconf 78' lang='lat' dir='ltr'><strong>revera.</strong></span> 
     </span>
     <span class='ocr_line' id='line_1_24' title="bbox 359 3214 2051 3306; baseline -0.002 -22"><span class='ocrx_word' id='word_1_231' title='bbox 359 3219 390 3284; x_wconf 83' lang='lat' dir='ltr'><strong>si</strong></span> <span class='ocrx_word' id='word_1_232' title='bbox 410 3235 646 3305; x_wconf 82' lang='lat' dir='ltr'><strong>comparemus</strong></span> <span class='ocrx_word' id='word_1_233' title='bbox 676 3235 820 3280; x_wconf 86' lang='lat' dir='ltr'><strong>massam</strong></span> <span class='ocrx_word' id='word_1_234' title='bbox 845 3214 979 3282; x_wconf 85' lang='lat' dir='ltr'><strong>cerebri</strong></span> <span class='ocrx_word' id='word_1_235' title='bbox 1010 3239 1088 3282; x_wconf 89' lang='lat' dir='ltr'><strong>cum</strong></span> <span class='ocrx_word' id='word_1_236' title='bbox 1121 3238 1227 3282; x_wconf 87' lang='lat' dir='ltr'><strong>massa</strong></span> <span class='ocrx_word' id='word_1_237' title='bbox 1261 3215 1433 3284; x_wconf 84' lang='lat' dir='ltr'><strong>medullae</strong></span> <span class='ocrx_word' id='word_1_238' title='bbox 1461 3215 1618 3306; x_wconf 81' lang='lat' dir='ltr'><strong>spinalis,</strong></span> <span class='ocrx_word' id='word_1_239' title='bbox 1649 3229 1780 3281; x_wconf 87' lang='lat' dir='ltr'><strong>certum</strong></span> <span class='ocrx_word' id='word_1_240' title='bbox 1810 3231 1862 3282; x_wconf 89' lang='lat' dir='ltr'><strong>est</strong></span> <span class='ocrx_word' id='word_1_241' title='bbox 1883 3215 2051 3280; x_wconf 84' lang='lat' dir='ltr'><strong>rationem</strong></span> 
     </span>
     <span class='ocr_line' id='line_1_25' title="bbox 357 3319 2046 3420; baseline -0.002 -23"><span class='ocrx_word' id='word_1_242' title='bbox 357 3331 448 3398; x_wconf 86' lang='lat' dir='ltr'><strong>inter</strong></span> <span class='ocrx_word' id='word_1_243' title='bbox 475 3328 537 3394; x_wconf 83' lang='lat' dir='ltr'><strong>has</strong></span> <span class='ocrx_word' id='word_1_244' title='bbox 566 3341 681 3420; x_wconf 87' lang='lat' dir='ltr'><strong>partas</strong></span> <span class='ocrx_word' id='word_1_245' title='bbox 706 3319 763 3395; x_wconf 80' lang='lat' dir='ltr'><strong>rel</strong></span> <span class='ocrx_word' id='word_1_246' title='bbox 790 3327 956 3414; x_wconf 83' lang='lat' dir='ltr'><strong>majorem</strong></span> <span class='ocrx_word' id='word_1_247' title='bbox 977 3349 1071 3413; x_wconf 82' lang='lat' dir='ltr'><strong>essa,</strong></span> <span class='ocrx_word' id='word_1_248' title='bbox 1101 3351 1204 3418; x_wconf 86' lang='lat' dir='ltr'><strong>quam</strong></span> <span class='ocrx_word' id='word_1_249' title='bbox 1232 3327 1398 3396; x_wconf 88' lang='lat' dir='ltr'><strong>rationem</strong></span> <span class='ocrx_word' id='word_1_250' title='bbox 1421 3329 1512 3396; x_wconf 85' lang='lat' dir='ltr'><strong>iuter</strong></span> <span class='ocrx_word' id='word_1_251' title='bbox 1546 3346 1667 3400; x_wconf 84' lang='lat' dir='ltr'><strong>nereos</strong></span> <span class='ocrx_word' id='word_1_252' title='bbox 1696 3327 1799 3394; x_wconf 86' lang='lat' dir='ltr'><strong>etiam</strong></span> <span class='ocrx_word' id='word_1_253' title='bbox 1824 3325 2046 3394; x_wconf 70' lang='lat' dir='ltr'><strong>crassissimos</strong></span> 
     </span>
     <span class='ocr_line' id='line_1_26' title="bbox 362 3437 1292 3532; baseline 0 -23"><span class='ocrx_word' id='word_1_254' title='bbox 362 3460 398 3510; x_wconf 91' lang='lat' dir='ltr'><strong>et</strong></span> <span class='ocrx_word' id='word_1_255' title='bbox 415 3461 558 3508; x_wconf 86' lang='lat' dir='ltr'><strong>massam</strong></span> <span class='ocrx_word' id='word_1_256' title='bbox 574 3437 709 3506; x_wconf 86' lang='lat' dir='ltr'><strong>cerebri</strong></span> <span class='ocrx_word' id='word_1_257' title='bbox 729 3437 798 3532; x_wconf 85' lang='lat' dir='ltr'><strong>(r)</strong></span> <span class='ocrx_word' id='word_1_258' title='bbox 816 3439 1062 3510; x_wconf 89' lang='lat' dir='ltr'><strong>nonnullorum</strong></span> <span class='ocrx_word' id='word_1_259' title='bbox 1084 3440 1292 3509; x_wconf 83' lang='lat' dir='ltr'><strong>animalium.</strong></span> 
     </span>
    </p>

    <p class='ocr_par' dir='ltr' id='par_1_6' title="bbox 360 3549 2047 3981">
     <span class='ocr_line' id='line_1_27' title="bbox 404 3549 2047 3647; baseline -0.004 -26"><span class='ocrx_word' id='word_1_260' title='bbox 404 3549 586 3635; x_wconf 88' lang='lat' dir='ltr'><strong>Secundo,</strong></span> <span class='ocrx_word' id='word_1_261' title='bbox 605 3551 772 3620; x_wconf 81' lang='lat' dir='ltr'><strong>brevitate</strong></span> <span class='ocrx_word' id='word_1_262' title='bbox 788 3549 957 3620; x_wconf 84' lang='lat' dir='ltr'><strong>medullae</strong></span> <span class='ocrx_word' id='word_1_263' title='bbox 981 3568 1143 3647; x_wconf 88' lang='lat' dir='ltr'><strong>respectu</strong></span> <span class='ocrx_word' id='word_1_264' title='bbox 1162 3555 1338 3622; x_wconf 88' lang='lat' dir='ltr'><strong>columnae</strong></span> <span class='ocrx_word' id='word_1_265' title='bbox 1360 3553 1607 3626; x_wconf 82' lang='lat' dir='ltr'><strong>vertebrarum·</strong></span> <span class='ocrx_word' id='word_1_266' title='bbox 1650 3553 1692 3622; x_wconf 90' lang='lat' dir='ltr'><strong>ln</strong></span> <span class='ocrx_word' id='word_1_267' title='bbox 1714 3551 1943 3622; x_wconf 76' lang='lat' dir='ltr'><strong>anterioribus</strong></span> <span class='ocrx_word' id='word_1_268' title='bbox 1965 3551 2047 3616; x_wconf 84' lang='lat' dir='ltr'><strong>ani·</strong></span> 
     </span>
     <span class='ocr_line' id='line_1_28' title="bbox 360 3661 2047 3762; baseline -0.004 -27"><span class='ocrx_word' id='word_1_269' title='bbox 360 3667 505 3736; x_wconf 83' lang='lat' dir='ltr'><strong>malibus</strong></span> <span class='ocrx_word' id='word_1_270' title='bbox 524 3687 660 3754; x_wconf 82' lang='lat' dir='ltr'><strong>semper</strong></span> <span class='ocrx_word' id='word_1_271' title='bbox 680 3663 826 3733; x_wconf 76' lang='lat' dir='ltr'><strong>vidimus</strong></span> <span class='ocrx_word' id='word_1_272' title='bbox 850 3663 957 3733; x_wconf 90' lang='lat' dir='ltr'><strong>totum</strong></span> <span class='ocrx_word' id='word_1_273' title='bbox 977 3689 1182 3762; x_wconf 81' lang='lat' dir='ltr'><strong>percurrere</strong></span> <span class='ocrx_word' id='word_1_274' title='bbox 1202 3663 1375 3736; x_wconf 86' lang='lat' dir='ltr'><strong>canalemr</strong></span> <span class='ocrx_word' id='word_1_275' title='bbox 1403 3667 1441 3734; x_wconf 91' lang='lat' dir='ltr'><strong>in</strong></span> <span class='ocrx_word' id='word_1_276' title='bbox 1465 3667 1604 3734; x_wconf 87' lang='lat' dir='ltr'><strong>bomine</strong></span> <span class='ocrx_word' id='word_1_277' title='bbox 1637 3666 1704 3751; x_wconf 85' lang='lat' dir='ltr'><strong>jam</strong></span> <span class='ocrx_word' id='word_1_278' title='bbox 1721 3665 1758 3730; x_wconf 92' lang='lat' dir='ltr'><strong>in</strong></span> <span class='ocrx_word' id='word_1_279' title='bbox 1777 3665 1892 3756; x_wconf 88' lang='lat' dir='ltr'><strong>primo</strong></span> <span class='ocrx_word' id='word_1_280' title='bbox 1912 3661 1964 3732; x_wconf 81' lang='lat' dir='ltr'><strong>vel</strong></span> <span class='ocrx_word' id='word_1_281' title='bbox 1986 3684 2047 3730; x_wconf 87' lang='lat' dir='ltr'><strong>se·</strong></span> 
     </span>
     <span class='ocr_line' id='line_1_29' title="bbox 362 3773 2046 3874; baseline -0.005 -25"><span class='ocrx_word' id='word_1_282' title='bbox 362 3778 479 3849; x_wconf 87' lang='lat' dir='ltr'><strong>cundo</strong></span> <span class='ocrx_word' id='word_1_283' title='bbox 506 3779 665 3847; x_wconf 78' lang='lat' dir='ltr'><strong>vertebro</strong></span> <span class='ocrx_word' id='word_1_284' title='bbox 690 3773 834 3846; x_wconf 86' lang='lat' dir='ltr'><strong>lumbali</strong></span> <span class='ocrx_word' id='word_1_285' title='bbox 863 3776 1011 3866; x_wconf 79' lang='lat' dir='ltr'><strong>desinit3</strong></span> <span class='ocrx_word' id='word_1_286' title='bbox 1046 3803 1115 3874; x_wconf 86' lang='lat' dir='ltr'><strong>quo</strong></span> <span class='ocrx_word' id='word_1_287' title='bbox 1139 3779 1180 3846; x_wconf 88' lang='lat' dir='ltr'><strong>fit</strong></span> <span class='ocrx_word' id='word_1_288' title='bbox 1199 3794 1240 3845; x_wconf 90' lang='lat' dir='ltr'><strong>ut</strong></span> <span class='ocrx_word' id='word_1_289' title='bbox 1263 3779 1361 3847; x_wconf 84' lang='lat' dir='ltr'><strong>nervi</strong></span> <span class='ocrx_word' id='word_1_290' title='bbox 1385 3779 1586 3864; x_wconf 82' lang='lat' dir='ltr'><strong>inferiores,</strong></span> <span class='ocrx_word' id='word_1_291' title='bbox 1615 3779 1748 3866; x_wconf 86' lang='lat' dir='ltr'><strong>inipso</strong></span> <span class='ocrx_word' id='word_1_292' title='bbox 1773 3774 1883 3842; x_wconf 85' lang='lat' dir='ltr'><strong>canali</strong></span> <span class='ocrx_word' id='word_1_293' title='bbox 1902 3774 2046 3842; x_wconf 80' lang='lat' dir='ltr'><strong>iniurius</strong></span> 
     </span>
     <span class='ocr_line' id='line_1_30' title="bbox 363 3885 2047 3981; baseline -0.003 -21"><span class='ocrx_word' id='word_1_294' title='bbox 363 3885 597 3974; x_wconf 75' lang='lat' dir='ltr'><strong>descendant,</strong></span> <span class='ocrx_word' id='word_1_295' title='bbox 633 3906 817 3980; x_wconf 80' lang='lat' dir='ltr'><strong>antequam</strong></span> <span class='ocrx_word' id='word_1_296' title='bbox 850 3913 916 3980; x_wconf 89' lang='lat' dir='ltr'><strong>per</strong></span> <span class='ocrx_word' id='word_1_297' title='bbox 946 3915 1006 3960; x_wconf 84' lang='lat' dir='ltr'><strong>sue</strong></span> <span class='ocrx_word' id='word_1_298' title='bbox 1031 3893 1197 3960; x_wconf 74' lang='lat' dir='ltr'><strong>{oramina</strong></span> <span class='ocrx_word' id='word_1_299' title='bbox 1219 3893 1353 3981; x_wconf 79' lang='lat' dir='ltr'><strong>possint</strong></span> <span class='ocrx_word' id='word_1_300' title='bbox 1376 3894 1494 3960; x_wconf 77' lang='lat' dir='ltr'><strong>exires</strong></span> <span class='ocrx_word' id='word_1_301' title='bbox 1526 3891 1611 3959; x_wconf 89' lang='lat' dir='ltr'><strong>binc</strong></span> <span class='ocrx_word' id='word_1_302' title='bbox 1628 3887 1735 3958; x_wconf 83' lang='lat' dir='ltr'><strong>cauda</strong></span> <span class='ocrx_word' id='word_1_303' title='bbox 1762 3889 1903 3980; x_wconf 82' lang='lat' dir='ltr'><strong>equina.</strong></span> <span class='ocrx_word' id='word_1_304' title='bbox 1948 3889 2047 3956; x_wconf 84' lang='lat' dir='ltr'><strong>Hanc</strong></span> 
     </span>
    </p>
   </div>
   <div class='ocr_carea' id='block_1_3' title="bbox 365 4001 2052 4183">
    <p class='ocr_par' dir='ltr' id='par_1_7' title="bbox 365 4001 2052 4183">
     <span class='ocr_line' id='line_1_31' title="bbox 365 4001 2052 4094; baseline 0 -27"><span class='ocrx_word' id='word_1_305' title='bbox 365 4001 616 4092; x_wconf 82' lang='lat' dir='ltr'><strong>proprietatem</strong></span> <span class='ocrx_word' id='word_1_306' title='bbox 639 4001 749 4092; x_wconf 87' lang='lat' dir='ltr'><strong>probe</strong></span> <span class='ocrx_word' id='word_1_307' title='bbox 771 4015 951 4084; x_wconf 83' lang='lat' dir='ltr'><strong>notemus,</strong></span> <span class='ocrx_word' id='word_1_308' title='bbox 981 4024 1050 4094; x_wconf 82' lang='lat' dir='ltr'><strong>que</strong></span> <span class='ocrx_word' id='word_1_309' title='bbox 1071 4002 1237 4090; x_wconf 85' lang='lat' dir='ltr'><strong>probatur</strong></span> <span class='ocrx_word' id='word_1_310' title='bbox 1256 4023 1399 4070; x_wconf 84' lang='lat' dir='ltr'><strong>massam</strong></span> <span class='ocrx_word' id='word_1_311' title='bbox 1420 4020 1578 4070; x_wconf 72' lang='lat' dir='ltr'><strong>nervuum</strong></span> <span class='ocrx_word' id='word_1_312' title='bbox 1598 4023 1671 4073; x_wconf 83' lang='lat' dir='ltr'><strong>rese</strong></span> <span class='ocrx_word' id='word_1_313' title='bbox 1690 4001 1795 4093; x_wconf 75' lang='lat' dir='ltr'><strong>magis</strong></span> <span class='ocrx_word' id='word_1_314' title='bbox 1813 4003 1988 4094; x_wconf 69' lang='lat' dir='ltr'><strong>magisque</strong></span> <span class='ocrx_word' id='word_1_315' title='bbox 2011 4002 2052 4068; x_wconf 89' lang='lat' dir='ltr'><strong>in</strong></span> 
     </span>
     <span class='ocr_line' id='line_1_32' title="bbox 368 4111 775 4183; baseline -0.01 -1"><span class='ocrx_word' id='word_1_316' title='bbox 368 4111 515 4183; x_wconf 85' lang='lat' dir='ltr'><strong>cerebro</strong></span> <span class='ocrx_word' id='word_1_317' title='bbox 537 4125 775 4178; x_wconf 83' lang='lat' dir='ltr'><strong>concontrare·</strong></span> 
     </span>
    </p>
   </div>
   <div class='ocr_carea' id='block_1_4' title="bbox 1911 4219 2054 4295">
    <p class='ocr_par' dir='ltr' id='par_1_8' title="bbox 1911 4219 2054 4295">
     <span class='ocr_line' id='line_1_33' title="bbox 1911 4219 2054 4295; baseline -0.042 0"><span class='ocrx_word' id='word_1_318' title='bbox 1911 4224 1960 4295; x_wconf 79' lang='lat'><strong>5⁰.</strong></span> <span class='ocrx_word' id='word_1_319' title='bbox 1982 4219 2054 4290; x_wconf 83' lang='lat' dir='ltr'><strong>Ca·</strong></span> 
     </span>
    </p>
   </div>
   <div class='ocr_carea' id='block_1_5' title="bbox 365 4395 2055 4885">
    <p class='ocr_par' dir='ltr' id='par_1_9' title="bbox 365 4395 2055 4885">
     <span class='ocr_line' id='line_1_34' title="bbox 398 4395 1716 4480; baseline 0.006 -20"><span class='ocrx_word' id='word_1_320' title='bbox 398 4403 455 4478; x_wconf 81' lang='grc' dir='ltr'><strong>(ι)</strong></span> <span class='ocrx_word' id='word_1_321' title='bbox 474 4399 519 4460; x_wconf 73' lang='lat' dir='ltr'><strong>Sic</strong></span> <span class='ocrx_word' id='word_1_322' title='bbox 533 4396 768 4458; x_wconf 78' lang='lat' dir='ltr'><strong>Diametarnerri</strong></span> <span class='ocrx_word' id='word_1_323' title='bbox 781 4398 923 4478; x_wconf 71' lang='lat' dir='ltr'><strong>trigemini</strong></span> <span class='ocrx_word' id='word_1_324' title='bbox 935 4395 1282 4462; x_wconf 63' lang='lat' dir='ltr'><strong>embammatum</strong></span> <span class='ocrx_word' id='word_1_325' title='bbox 1297 4403 1505 4464; x_wconf 68' lang='lat' dir='ltr'><strong>serrarium</strong></span> <span class='ocrx_word' id='word_1_326' title='bbox 1525 4413 1570 4464; x_wconf 83' lang='lat' dir='ltr'><strong>eet</strong></span> <span class='ocrx_word' id='word_1_327' title='bbox 1603 4409 1716 4480; x_wconf 53' lang='lat' dir='ltr'><strong>opor&amp;</strong></span> 
     </span>
     <span class='ocr_line' id='line_1_35' title="bbox 480 4493 1714 4580; baseline 0.005 -26"><span class='ocrx_word' id='word_1_328' title='bbox 480 4493 600 4554; x_wconf 69' lang='lat' dir='ltr'><strong>erraturi</strong></span> <span class='ocrx_word' id='word_1_329' title='bbox 620 4495 766 4554; x_wconf 84' lang='lat' dir='ltr'><strong>Diameter</strong></span> <span class='ocrx_word' id='word_1_330' title='bbox 788 4497 1025 4580; x_wconf 82' lang='lat' dir='ltr'><strong>enteropoatericr</strong></span> <span class='ocrx_word' id='word_1_331' title='bbox 1044 4494 1139 4556; x_wconf 73' lang='lat' dir='ltr'><strong>moa·</strong></span> <span class='ocrx_word' id='word_1_332' title='bbox 1158 4498 1238 4558; x_wconf 67' lang='lat' dir='ltr'><strong>Lucil</strong></span> <span class='ocrx_word' id='word_1_333' title='bbox 1257 4507 1302 4558; x_wconf 81' lang='lat' dir='ltr'><strong>eet</strong></span> <span class='ocrx_word' id='word_1_334' title='bbox 1339 4536 1568 4562; x_wconf 81' lang='grc'><strong>......</strong></span> <span class='ocrx_word' id='word_1_335' title='bbox 1601 4521 1714 4575; x_wconf 65' lang='lat' dir='ltr'><strong>epam</strong></span> 
     </span>
     <span class='ocr_line' id='line_1_36' title="bbox 485 4587 1713 4671; baseline 0.007 -24"><span class='ocrx_word' id='word_1_336' title='bbox 485 4587 606 4648; x_wconf 83' lang='lat' dir='ltr'><strong>Cerebri</strong></span> <span class='ocrx_word' id='word_1_337' title='bbox 626 4589 772 4650; x_wconf 75' lang='lat' dir='ltr'><strong>numeru</strong></span> <span class='ocrx_word' id='word_1_338' title='bbox 792 4593 987 4657; x_wconf 64' lang='lat' dir='ltr'><strong>merulis</strong></span> <span class='ocrx_word' id='word_1_339' title='bbox 1007 4592 1103 4654; x_wconf 74' lang='lat' dir='ltr'><strong>nacta</strong></span> <span class='ocrx_word' id='word_1_340' title='bbox 1115 4595 1195 4656; x_wconf 73' lang='lat' dir='ltr'><strong>tnui</strong></span> <span class='ocrx_word' id='word_1_341' title='bbox 1211 4601 1256 4654; x_wconf 75' lang='lat' dir='ltr'><strong>ut</strong></span> <span class='ocrx_word' id='word_1_342' title='bbox 1294 4630 1524 4657; x_wconf 81' lang='lat'><strong>......</strong></span> <span class='ocrx_word' id='word_1_343' title='bbox 1540 4609 1567 4653; x_wconf 89' lang='grc'><strong>·.</strong></span> <span class='ocrx_word' id='word_1_344' title='bbox 1600 4599 1713 4671; x_wconf 57' lang='lat' dir='ltr'><strong>emila</strong></span> 
     </span>
     <span class='ocr_line' id='line_1_37' title="bbox 401 4679 2055 4785; baseline 0.006 -47"><span class='ocrx_word' id='word_1_345' title='bbox 401 4679 476 4758; x_wconf 69' lang='lat' dir='ltr'><strong>Ergo</strong></span> <span class='ocrx_word' id='word_1_346' title='bbox 494 4683 568 4740; x_wconf 87' lang='lat' dir='ltr'><strong>ratio</strong></span> <span class='ocrx_word' id='word_1_347' title='bbox 590 4682 665 4745; x_wconf 81' lang='lat' dir='ltr'><strong>inter</strong></span> <span class='ocrx_word' id='word_1_348' title='bbox 687 4701 809 4748; x_wconf 76' lang='lat' dir='ltr'><strong>nervum</strong></span> <span class='ocrx_word' id='word_1_349' title='bbox 827 4684 1010 4762; x_wconf 71' lang='lat' dir='ltr'><strong>tdeetnim</strong></span> <span class='ocrx_word' id='word_1_350' title='bbox 1031 4699 1062 4750; x_wconf 77' lang='lat' dir='ltr'><strong>er</strong></span> <span class='ocrx_word' id='word_1_351' title='bbox 1085 4692 1239 4750; x_wconf 69' lang='lat' dir='ltr'><strong>mammam</strong></span> <span class='ocrx_word' id='word_1_352' title='bbox 1262 4685 1575 4748; x_wconf 69' lang='lat' dir='ltr'><strong>murionum</strong></span> <span class='ocrx_word' id='word_1_353' title='bbox 1607 4699 1673 4765; x_wconf 85' lang='lat' dir='ltr'><strong>ert,</strong></span> <span class='ocrx_word' id='word_1_354' title='bbox 1699 4697 1732 4748; x_wconf 86' lang='lat' dir='ltr'><strong>ut</strong></span> <span class='ocrx_word' id='word_1_355' title='bbox 1760 4685 1913 4785; x_wconf 56' lang='lat' dir='ltr'><strong>fflqmd</strong></span> <span class='ocrx_word' id='word_1_356' title='bbox 1930 4683 1991 4748; x_wconf 71' lang='lat' dir='ltr'><strong>iere</strong></span> <span class='ocrx_word' id='word_1_357' title='bbox 2010 4693 2055 4748; x_wconf 75' lang='lat' dir='ltr'><strong>ert</strong></span> 
     </span>
     <span class='ocr_line' id='line_1_38' title="bbox 365 4791 1760 4885; baseline 0.006 -34"><span class='ocrx_word' id='word_1_358' title='bbox 365 4791 987 4885; x_wconf 57' lang='lat' dir='ltr'><strong>utrsaffmmiabomlneraticinter</strong></span> <span class='ocrx_word' id='word_1_359' title='bbox 1007 4795 1318 4878; x_wconf 76' lang='lat' dir='ltr'><strong>medullamrpinrlem</strong></span> <span class='ocrx_word' id='word_1_360' title='bbox 1339 4799 1760 4876; x_wconf 54' lang='lat' dir='ltr'><strong>erenum-aientium</strong></span> 
     </span>
    </p>
   </div>
   <div class='ocr_carea' id='block_1_6' title="bbox 1350 4933 1430 5006">
    <p class='ocr_par' dir='ltr' id='par_1_10' title="bbox 1350 4933 1430 5006">
     <span class='ocr_line' id='line_1_39' title="bbox 1350 4933 1430 5006; baseline -0.013 0"><span class='ocrx_word' id='word_1_361' title='bbox 1350 4933 1430 5006; x_wconf 81' lang='lat' dir='ltr'><strong>Ga</strong></span> 
     </span>
    </p>
   </div>
   <div class='ocr_carea' id='block_1_7' title="bbox 0 0 2510 6132">
    <p class='ocr_par' dir='ltr' id='par_1_11' title="bbox 0 0 2510 6132">
     <span class='ocr_line' id='line_1_40' title="bbox 0 0 2510 6132; baseline 0 0"><span class='ocrx_word' id='word_1_362' title='bbox 0 0 2510 6132; x_wconf 95' lang='lat' dir='ltr'><strong> </strong></span> 
     </span>
    </p>
   </div>
  </div>
 </body>
</html>
