4992 6138
424 515 470 587 ee
702 507 712 522 ’
774 493 1062 578 csttonr
1114 495 1750 606 turnucum,

426 693 473 764 erl
498 692 669 762 columnrr
694 685 893 758 iormsndrs
916 684 1060 754 laterum
1088 687 1323 773 rrdirtornm,
1342 684 1392 757 sio
1416 687 1453 756 in
1483 681 1724 756 Mommlibus
1752 703 1833 772 pers
1857 683 2029 776 posterior
2044 701 2120 758 rere

430 801 634 879 inflectens,
658 801 781 868 transit
799 802 836 868 iu
872 798 1046 869 colnmure
1076 801 1230 870 fornicis.
1272 801 1369 870 Inter
1393 797 1563 866 fornicem
1590 814 1626 866 et
1653 796 1907 864 commissorum
1938 795 2116 866 murinum

433 928 569 1006 septum
587 912 710 996 rdert,
732 908 898 978 ednrbns
915 908 1058 980 lamellis
1077 929 1256 997 constsns,
1275 908 1370 1000 qnod
1388 907 1565 999 analogum
1582 909 1722 981 ridetur
1734 908 1859 984 Gero.
1883 927 1981 999 septo
1997 908 2116 979 retlic-

437 1045 471 1097 ιο
493 1025 643 1096 Αιίιιιιιι
666 1021 703 1090 in
723 1019 964 1092 Memmrlibur
981 1039 1117 1111 septum
1137 1022 1350 1113 pellucidum
1371 1022 1508 1090 formet.

477 1139 536 1208 sie
558 1132 765 1222 generaliter
787 1134 825 1201 in
851 1131 1092 1204 Mrmmulibur
1109 1156 1217 1203 mrssr
1239 1133 1351 1225 primu
1374 1153 1446 1202 rese
1470 1131 1577 1200 babet
1605 1148 1641 1200 et
1664 1131 1714 1200 sic
1737 1127 1916 1222 speciatim
1940 1131 1979 1200 in
2005 1130 2121 1202 Gliri·

393 1305 403 1330 ,
434 1251 498 1318 bns
522 1248 721 1338 reperitnr3
746 1267 854 1337 pauor
884 1245 1106 1334 excipiantur
1136 1244 1322 1341 peculisrir
1348 1246 1385 1312 in
1415 1243 1624 1335 quibnrtlnm
1647 1245 1851 1334 generibnr,
1873 1260 2018 1337 propter
2039 1267 2123 1332 gre·

435 1359 520 1427 dum
542 1356 765 1437 inferiorem,
793 1377 898 1449 quem
921 1354 1082 1423 animalia
1113 1370 1298 1445 occupent.
1342 1355 1401 1423 Sic
1428 1352 1564 1423 lobulns
1595 1355 1766 1447 posterior
1793 1353 1864 1420 sere
1890 1355 2032 1446 proprie
2050 1375 2122 1423 non

434 1470 592 1550 exsistitp
616 1489 725 1533 merse
742 1468 878 1534 cinerea
896 1465 1010 1534 ndhnc
1040 1463 1216 1559 prrernlet
1236 1467 1274 1534 in
1302 1464 1488 1558 plnribnsp
1513 1489 1638 1560 corpus
1667 1465 1824 1532 strictum
1850 1464 2036 1536 edmodnm
2069 1483 2122 1536 est

437 1601 609 1667 magnum.
654 1577 790 1665 Corpus
814 1575 976 1644 callosum
1007 1577 1045 1644 in
1083 1576 1240 1646 Gliribns
1268 1575 1406 1645 brevius
1431 1587 1484 1640 est
1511 1595 1613 1661 quum
1638 1572 1677 1638 iu
1701 1571 1843 1664 reliquis
1864 1575 2123 1659 Mammelibus‚

439 1697 572 1762 ratione
596 1689 714 1758 habita
740 1683 913 1756 brevitatis
934 1689 1091 1774 cerebri3
1116 1685 1222 1755 finem
1246 1684 1352 1755 babet
1375 1683 1527 1753 enterint
1553 1686 1707 1772 margine
1735 1685 1877 1766 obtuso,
1906 1685 2041 1768 libero.
2064 1687 2125 1786 qni

442 1828 512 1871 non
529 1819 568 1869 nt
584 1803 622 1868 in
646 1798 842 1866 bominibus
865 1797 1011 1867 inflexus
1028 1813 1101 1884 ειη
1125 1797 1295 1889 posterius
1314 1797 1428 1864 stetim
1452 1795 1576 1862 trrnsit
1594 1795 1631 1863 in
1654 1796 1833 1868 fornicem·

485 1913 615 1984 Fornix
633 1913 708 2002 ipse
731 1911 769 1978 in
796 1907 950 1980 Gliribus
981 1907 1162 1976 letissimns
1184 1923 1237 1976 ert
1258 1910 1410 1978 omnium
1435 1909 1694 1988 Memmrlium.
1728 1932 1806 1977 cum
1825 1910 1928 1977 etism
1953 1904 2128 1977 filamentr

443 2026 590 2120 recipiet
613 2024 840 2116 posteriorum
856 2017 1077 2106 lobulornm3
1103 2041 1191 2111 quse
1216 2018 1254 2085 iu
1276 2017 1350 2086 eliis
1367 2019 1596 2114 plerumque,
1616 2022 1655 2091 in
1678 2023 1930 2090 commissuram
1950 2019 2131 2088 meximsm

443 2153 537 2204 eunt·
579 2137 724 2227 Septum
742 2131 973 2226 pellucidum,
996 2131 1216 2201 iormetnme
1243 2128 1359 2198 multis
1393 2131 1492 2200 fibris
1519 2133 1651 2202 nlinen
1675 2137 1789 2204 medic
1811 2134 1954 2205 fornicis
1978 2131 2126 2200 orienti·

443 2251 530 2328 bns,
553 2271 640 2340 quse
664 2248 774 2314 librae
796 2244 840 2313 sd
865 2246 1017 2314 medinm
1038 2244 1164 2312 lineam
1190 2239 1346 2333 corporis
1369 2239 1484 2310 callosi
1511 2267 1585 2313 sese
1614 2247 1827 2324 extendunt,
1851 2248 1942 2316 inter
1960 2243 2129 2314 fornicem

444 2381 478 2428 er
501 2381 626 2448 corpus
650 2359 811 2428 callosum
829 2356 932 2444 igitur
955 2357 1104 2445 positum
1119 2371 1183 2424 est.

490 2471 579 2539 Cum
614 2469 761 2540 vidimus
798 2469 836 2536 in
869 2468 1065 2557 Amphibiir
1103 2481 1139 2534 et
1172 2465 1305 2533 Avibus
1339 2463 1548 2537 ventriculos
1579 2466 1930 2562 hemisphaeriorum
1962 2492 2034 2537 non
2062 2487 2135 2533 sese

445 2582 633 2652 extendere
654 2582 692 2648 in
711 2577 852 2666 gnngliis
871 2601 1056 2648 nervorum
1069 2576 1346 2660 olfactoriornm,
1368 2578 1405 2642 iu
1426 2575 1666 2648 Mammslibns
1680 2601 1802 2651 contre
1818 2581 2001 2655 ventriculi
2013 2602 2083 2649 sese
2099 2579 2139 2644 in

449 2693 590 2782 grngliis
608 2690 800 2760 extendunt
819 2716 829 2758 ι
855 2685 949 2776 qnod
973 2690 1074 2756 etinm
1089 2687 1127 2754 in
1144 2682 1319 2754 nonnullis
1341 2684 1515 2778 piscibus,
1539 2689 1633 2776 anis
1649 2709 1683 2761 et
1703 2697 1837 2788 Squalis
1860 2696 1976 2763 locum
1997 2691 2115 2760 babet·

493 2805 689 2896 Descriptio
723 2799 1071 2891 haemisphaeriornm
1103 2799 1141 2866 in
1172 2797 1306 2864 duabus
1337 2799 1545 2886 speciebus,
1585 2805 1624 2869 in
1654 2807 1755 2872 Mure
1788 2803 1946 2871 Musculo
1972 2815 2009 2866 et
2036 2797 2138 2865 Mure

449 2917 573 2996 Retto,
594 2917 753 2985 universe
781 2910 939 2978 omnibus
962 2905 1118 2974 Gliribns
1147 2903 1316 2998 rppliorri
1341 2921 1465 2997 potest.
1504 2908 1550 2976 In
1571 2911 1758 2998 maioribus
1778 2927 1912 2979 tentum
1933 2905 2139 2978 animalibur

451 3029 554 3112 buius
570 3027 702 3097 ordinis
724 3049 755 3096 ι.
778 3047 808 3092 c.
832 3023 869 3090 in
890 3021 1084 3110 Leporibns
1102 3015 1364 3105 conspiciuntur
1382 3018 1469 3107 gyri.

495 3141 623 3209 For-nix
651 3156 688 3208 et
718 3159 843 3231 corpus
869 3134 1026 3202 striatum
1053 3132 1156 3200 etism
1174 3127 1212 3196 iu
1232 3127 1273 3196 iis
1304 3150 1377 3196 nou
1408 3145 1477 3198 tum
1507 3157 1629 3220 magne
1647 3152 1748 3221 snnt3
1782 3133 1964 3203 cerebrum
1993 3123 2139 3221 Leporis

452 3249 519 3318 boc
538 3252 754 3319 demonstret
772 3253 815 3330 (ι
829 3249 860 3332 )·
2125 3235 2130 3268 ¹

500 3360 622 3428 Forma
641 3360 746 3425 modo
768 3357 941 3445 descripta
958 3353 1308 3443 bremispbreriorntn
1336 3353 1436 3422 etism
1471 3358 1635 3427 convenit
1658 3355 1875 3427 insectivoris
1893 3355 2085 3443 (Erinnceir
2109 3343 2145 3422 e't

453 3471 594 3562 .Tnlpis)
612 3484 646 3535 et
664 3466 988 3556 Vespertilionibur.
1028 3466 1070 3533 iu
1088 3464 1200 3552 Tripe
1228 3479 1359 3530 tanturn
1390 3467 1657 3558 bremispbserie
1684 3484 1766 3535 sunt
1789 3472 1919 3556 majore
1946 3481 1983 3533 ct
2004 3489 2147 3536 meream

462 3597 578 3668 tegunt
595 3578 753 3646 medinm.
797 3573 896 3642 Bulbi
910 3570 1080 3643 olfactorii
1099 3576 1169 3644 rire
1186 3575 1317 3664 ganglia
1340 3600 1523 3645 nervorum
1548 3579 1805 3651 olfactoriorum
1828 3595 1909 3648 sunt
1930 3577 1968 3645 in
1989 3579 2031 3646 iis
2060 3600 2147 3667 per·

459 3693 584 3778 magni.
626 3689 754 3758 For-nix
778 3688 814 3754 in
836 3685 1052 3754 inscctivoris
1081 3701 1132 3753 est
1155 3683 1255 3754 latus.
1298 3689 1341 3755 ln
1365 3689 1675 3777 vespertilionibus
1706 3689 1937 3783 (Vespertilio
1971 3690 2147 3773 murinus,

458 3803 693 3899 Pipistrellns,
722 3803 867 3870 Ferrum
886 3796 1082 3888 Equinnm)
1106 3813 1244 3876 contre,
1268 3794 1540 3885 haemisphaerin
1558 3802 1674 3869 bnbitn
1692 3801 1823 3868 rrtione
1852 3797 2015 3867 cerebelli
2042 3823 2148 3896 prm

461 3933 566 3984 snrrtr
592 3939 660 3983 non
680 3927 800 4012 tegunt
820 3935 967 4000 corpore
983 3909 1263 4001 quadrigeminrp
1288 3933 1433 3998 pervum
1457 3929 1509 3981 est
1527 3935 1653 4004 corpus
1682 3911 1866 4000 collorump
1890 3908 2007 3980 fornix
2032 3927 2149 3981 temen

470 4050 612 4110 magnus
640 4041 692 4092 est
726 4040 761 4091 et
783 4027 886 4090 etiarn
912 4044 1057 4113 corpore
1086 4019 1205 4085 striata
1230 4041 1352 4105 magne
1380 4039 1472 4091 sunt.

511 4137 670 4204 Vidimus
691 4135 794 4220 igitur
814 4137 920 4202 iubis
935 4135 1193 4217 Memmrlibue‚
1218 4159 1424 4226 anmanm
1445 4138 1711 4228 proprietatibur
1731 4132 1946 4230 perlectioris
1971 4135 2045 4230 typi
2066 4159 2154 4224 gru·

328 4317 331 4326 ,
468 4249 572 4324 slent,
607 4261 719 4311 tamen
746 4247 783 4311 in
815 4249 973 4314 universo
999 4249 1289 4334 imperfectiorem
1308 4247 1496 4330 lubricam,
1519 4249 1623 4337 magis
1644 4248 1774 4316 Avibus
1789 4246 2150 4340 appropinquantem,

468 4375 504 4425 et
522 4357 623 4426 etiem
639 4353 732 4445 qnod
752 4353 795 4420 etl
818 4357 985 4422 rationem
1006 4357 1095 4422 inter
1116 4359 1386 4448 haemisphaerir
1408 4375 1444 4426 rt
1462 4349 1695 4445 cerebellum,
1717 4380 1796 4426 cnm
1825 4357 1976 4452 piscibut
2004 4381 2153 4455 eompr-

465 4461 621 4539 r'snrlam.
666 4464 720 4572 A'n
735 4461 808 4572 boc
827 4459 904 4568 cunr
919 4463 1084 4556 peculiari
1107 4465 1216 4536 forme
1242 4467 1381 4540 sliunde
1400 4468 1640 4548 Memmlibus
1665 4491 1736 4540 non
1750 4470 1897 4564 ¹propris
1913 4485 1949 4540 et
1973 4471 2079 4546 noan
2095 4471 2153 4546 pl.

470 4579 834 4670 rendiconvepipeti,
867 4639 879 4666 ,
925 4598 928 4606 ·

2096 4691 2165 4768 lie·

504 4827 570 4906 (s)
594 4821 725 4902 cnm,
744 4820 1043 4907 resurremus.
1063 4847 1124 4904 err.
