4992 6138
459 505 540 585 ,t'
751 507 1794 594 .cutt.ontutstttNtG1t.Titt.

474 721 559 786 quos
582 691 879 787 superioresa-illi
904 690 1046 760 musculi
1075 692 1245 760 sustinent
1273 713 1395 758 nervos
1432 691 1524 758 inter
1554 715 1591 760 os
1614 695 1799 764 etbmoidei
1825 714 1858 766 et
1876 722 1949 766 ossa
1967 701 2154 789 frontalia3

475 808 644 875 anteriora
666 821 897 896 procurrunt,
921 805 1060 893 paulum
1076 807 1254 873 crassiores
1272 803 1382 887 fiunt,
1403 821 1439 872 et
1456 802 1595 874 tandem
1620 807 1657 874 in
1677 826 1823 896 quatuor
1841 809 1894 878 vel
1909 813 2064 904 quinque
2078 813 2158 880 lila-

476 935 591 984 menta
618 920 745 1004 majora
776 941 847 985 sese
871 915 1053 1002 dividunt,
1082 933 1118 985 et
1144 919 1181 984 in
1206 914 1406 984 membrana
1438 916 1599 1006 pituitosa
1622 917 1789 986 divisione
1816 941 2035 992 evanescunt.
2079 926 2159 995 Non

478 1023 565 1090 duri
596 1027 708 1096 Matre
732 1044 826 1094 extra
860 1029 1038 1096 casitatem
1057 1029 1172 1098 uranii
1203 1041 1285 1096 sunt
1313 1029 1416 1114 teeti,
1437 1027 1592 1101 sedeam
1621 1030 1948 1122 periorautaiauila
1967 1035 2051 1103 situs
2078 1033 2164 1107 eon·

478 1137 623 1227 spicitur
642 1139 773 1210 ossibus
795 1137 1000 1208 frontalibus
1020 1141 1206 1228 majoribus
1228 1141 1384 1216 sublatis.

1233 1330 1273 1411 s.
1317 1327 1356 1392 a.

909 1507 997 1578 Par
1027 1508 1283 1584 secundum.
1333 1505 1507 1586 Nervus
1532 1511 1720 1610 opticus.

520 1699 567 1764 Ut
590 1700 655 1780 jam
676 1697 965 1790 supradiximus,
999 1701 1218 1794 nervioptiei
1242 1723 1262 1767 e
1286 1720 1395 1766 massa
1431 1699 1636 1770 intermedia
1671 1718 1784 1769 ortum
1820 1704 1976 1788 deerunta
2011 1706 2162 1798 quddam

481 1813 629 1877 sectione
650 1815 768 1898 (Tab.
788 1839 819 1883 s.
844 1813 996 1898 Pipa.)
1026 1809 1112 1876 mihi
1139 1811 1300 1895 contigit,
1324 1825 1364 1874 ut
1400 1807 1466 1876 boe
1499 1812 1585 1878 bene
1619 1811 1907 1892 demonstrarem,
1939 1815 1998 1880 ubi
2026 1816 2166 1884 videtur

480 1945 586 1986 massa
622 1949 804 1991 nervorum
833 1927 894 2014 (t)
924 1927 1116 2012 optieorum
1148 1941 1220 1984 esse
1261 1918 1613 2004 oblongatio'massae
1651 1923 1820 1990 secundae
1855 1928 1925 1992 sire
1972 1923 2167 1995 lobulorum

482 2032 701 2118 optinorum,
735 2057 940 2124 quamquam
967 2033 1109 2126 proprie
1138 2055 1208 2097 non
1245 2029 1291 2096 ite
1326 2030 1392 2098 sita
1425 2053 1441 2094 a
1473 2047 1543 2095 toto
1579 2031 1711 2117 ganglio
1743 2035 1916 2102 filamenta
1942 2035 2166 2124 aposteriore

480 2143 650 2209 anteriora
670 2167 786 2211 versus
810 2146 923 2232 (Tab.
944 2171 972 2212 1.
996 2145 1069 2230 stig.
1090 2165 1123 2228 7.
1144 2139 1201 2224 a.)
1223 2141 1432 2208 conveniunt
1454 2159 1488 2206 et
1502 2166 1623 2208 nervos
1647 2143 1884 2231 constituunt3
1909 2146 1970 2234 qui
1991 2146 2088 2215 nervi
2106 2146 2167 2213 ad·

481 2253 620 2320 mudum
652 2271 733 2321 runt
760 2258 862 2324 crassi
880 2271 914 2322 et
943 2257 1058 2323 statim
1083 2251 1301 2320 commissura
1331 2251 1413 2317 sorti
1440 2256 1696 2340 eoitjunguntur
1717 2256 1876 2342 (Taua.
1899 2257 1971 2340 sig.
1988 2257 2044 2344 a.)
2086 2257 2167 2326 Post

484 2366 736 2432 commissuram
755 2365 926 2456 incipiunt
941 2386 1043 2458 supra
1060 2359 1269 2430 seinvicem
1282 2357 1489 2440 decurrere.
1515 2357 1602 2454 isaiae
1625 2366 1851 2460 superpositio
1875 2367 1985 2454 (Tab.
1997 2390 2026 2435 1.
2047 2365 2121 2456 Fig.
2135 2391 2167 2438 a·

482 2477 570 2544 Tab.
589 2499 621 2548 u.
640 2479 713 2566 Fig.
736 2479 796 2564 8.)
819 2478 865 2544 ita
888 2476 954 2559 lit,
983 2490 1023 2540 ut
1047 2493 1170 2537 nervus
1193 2470 1330 2537 sinister
1356 2491 1610 2560 superponatur
1633 2477 1776 2548 dextros
1808 2479 1981 2569 usquead
2007 2479 2167 2566 angulum

478 2583 601 2651 adura
615 2587 726 2654 Matre
747 2587 929 2652 formatum
950 2595 1182 2672 procurrunt,
1205 2580 1252 2645 ita
1268 2594 1308 2644 ut
1326 2581 1450 2648 exituri
1471 2608 1489 2648 e
1507 2587 1667 2666 revitate,
1690 2609 1814 2654 uersus
1836 2587 1960 2658 deuter
1982 2589 2102 2658 tendat
2123 2590 2167 2659 ad

479 2695 616 2762 oculum
636 2698 833 2780 sinistrum,
855 2717 980 2763 nervus
996 2695 1134 2761 sinister
1150 2689 1193 2757 ad
1215 2688 1351 2757 oculum
1371 2687 1552 2774 dextrnm3
1577 2694 1757 2782 perforant
1780 2702 2062 2769 tenerositatem
2085 2723 2167 2768 cra·

479 2802 556 2884 nii,
582 2801 640 2868 hie
674 2820 806 2871 tentum
831 2830 849 2871 a
875 2802 963 2870 dura
985 2805 1098 2872 Matre
1122 2817 1158 2870 et
1185 2801 1258 2866 eliis
1289 2801 1496 2868 membranis
1526 2804 1671 2870 clausam
1693 2823 1726 2871 et
1749 2811 1863 2876 statim
1890 2811 2121 2877 investiuntut·
2147 2836 2168 2880 s

482 2909 570 2978 dura
588 2913 700 2980 Matre
728 2938 837 3006 usque
855 2913 1106 2982 seelerotieama
1136 2909 1179 2978 :in
1208 2911 1281 3000 ipsa
1298 2912 1449 2980 ,cavitate
1472 2915 1598 2980 babent
1619 2916 1762 2982 sormam
1789 2915 1889 2982 liutei
1912 2919 1982 2986 sive
2017 2919 2169 3008 cylindri

484 3021 600 3110 (Tab.
623 3045 653 3090 s.
689 3024 763 3110 Fig.
783 3027 840 3116 9.)
870 3025 1048 3119 depressi,
1080 3044 1183 3113 quam
1215 3019 1358 3088 sormam
1384 3022 1545 3090 amittunt
1575 3027 1611 3090 in
1642 3025 1765 3092 orbita.
1818 3025 1971 3117 Oblique
1994 3031 2168 3097 anteriora

480 3155 593 3201 versus
610 3135 652 3201 ad
672 3136 808 3203 oculum
826 3136 974 3208 tendunt
988 3152 1034 3205 ,ει
1048 3133 1228 3228 perloraut
1247 3128 1503 3214 seelerotieam,
1533 3158 1602 3200 uon
1628 3137 1663 3201 in
1696 3136 1811 3202 medio
1839 3137 1960 3222 bulbi,
1981 3139 2042 3208 sed
2061 3145 2165 3229 magis

479 3249 668 3334 posteriora
698 3267 734 3317 et
747 3249 918 3318 inferiora
948 3273 1076 3320 versus.
1127 3243 1258 3314 Nervus
1288 3241 1461 3334 perforati
1486 3243 1686 3313 sceleroticl
1718 3268 1788 3310 nou
1819 3249 1934 3314 statim
1957 3251 2167 3339 expanditur

481 3355 516 3420 in
541 3356 710 3438 retinam,
740 3361 801 3428 sed
821 3361 935 3431 adhuc
969 3382 1094 3428 nervus
1125 3359 1258 3442 integer
1278 3371 1393 3423 manet
1408 3371 1443 3423 et
1470 3377 1490 3422 a
1520 3355 1727 3444 marginibus
1757 3373 1792 3424 et
1820 3362 2035 3428 extremitate
2065 3362 2167 3447 hujus

485 3469 579 3554 quasi
600 3469 728 3536 interni
750 3473 873 3554 nervi,
895 3473 1090 3558 aestuata)
1120 3471 1252 3538 oritura
1284 3489 1338 3534 me
1363 3489 1434 3535 nun
1466 3469 1633 3539 invenisse
1667 3467 1791 3536 lubens
1825 3471 1992 3542 confiteor
2020 3469 2094 3540 illas
2119 3471 2168 3540 la·

483 3578 591 3645 minas
610 3580 682 3668 (3)
709 3579 882 3668 diversas,
903 3584 946 3650 de
969 3584 1095 3674 quibus
1124 3580 1357 3649 Cuuieuius
1379 3595 1414 3646 et
1435 3579 1588 3649 Sernes
1606 3577 1714 3648 locuti
1732 3593 1826 3652 sunt.

2076 3725 2111 3805 ς.
2135 3723 2165 3790 a.

517 3903 572 3974 (r)
601 3901 746 3960 Diameter
768 3903 924 3964 sectandum
947 3903 1175 3971 Serresiunt,
1191 3911 1260 3962 tom.
1280 3920 1304 3958 s.
1321 3915 1384 3975 pag.
1397 3900 1457 3957 ³60.
1476 3903 1520 3952 est
1537 3895 1659 3966 onereb
1969 3967 1974 3978 ι

518 3999 574 4069 (a)
597 3997 729 4066 Carus,
748 3995 915 4071 Zootomie,
931 4004 960 4074 ξ.
981 4003 1044 4058 eta.
1067 4013 1128 4072 pag.
1152 4001 1211 4062 aas.
1235 3993 1301 4048 dicit
1324 4010 1385 4050 esse
1405 3991 1531 4060 lineam,
1552 3987 1639 4052 linem
1660 3986 1737 4049 nerui
1758 3987 1862 4068 optici,
1885 3995 1916 4046 at
1937 3984 2021 4052 etiam
2039 3988 2166 4048 Cuvie·

484 4097 512 4154 ri
525 4113 580 4165 us,
600 4094 648 4168 qui
664 4110 728 4166 pag.
743 4097 804 4158 4¹7·
821 4094 905 4147 Anat
918 4108 1009 4171 comp.
1022 4101 1090 4150 tum.
1103 4111 1128 4147 a.
1146 4089 1182 4146 de
1195 4087 1288 4145 retina
1306 4087 1412 4164 piseum
1432 4085 1498 4143 dicit
1517 4085 1570 4144 aiu
1582 4081 1711 4162 pluribus
1728 4085 1851 4162 piscibus
1868 4083 1997 4143 eamdem
2014 4103 2075 4142 esse
2094 4085 2164 4141 reti.

487 4208 541 4248 aaa
559 4183 808 4251 consumationem
827 4205 912 4260 quam
928 4186 958 4244 in
974 4187 1100 4250 auibus”
1117 4193 1147 4242 et
1161 4191 1192 4242 tu
1208 4182 1305 4244 auibus
1319 4178 1394 4238 hane
1409 4178 1663 4239 confarreationem
1679 4179 1784 4240 lineam
1802 4197 1865 4241 essa
1881 4180 2009 4258 scripsits
2024 4180 2074 4238 sel
2092 4193 2167 4238 cette

482 4279 581 4341 testari
596 4299 711 4359 possum
727 4275 801 4335 bane
816 4277 939 4348 lineum,
958 4280 995 4336 de
1007 4301 1063 4358 qua
1076 4278 1273 4344 Curiosius
1290 4275 1363 4354 ugit,
1381 4292 1442 4336 esse
1466 4275 1681 4352 productionem
1699 4275 1779 4342 nesti
1795 4278 1879 4358 optici
1900 4285 1929 4336 el
1955 4274 2071 4358 quidem
2097 4299 2169 4356 pro·

484 4379 646 4437 ductionem
661 4374 782 4432 liberam
799 4374 829 4431 in
844 4391 954 4436 camera
970 4374 1053 4437 oculi.

520 4475 575 4550 (a)
597 4473 743 4543 Sernes,
761 4489 823 4548 pag,
834 4475 896 4538 isi.
919 4469 987 4530 dicit
1002 4487 1105 4534 uersos
1122 4470 1228 4548 optines
1244 4485 1261 4528 e
1277 4478 1400 4546 quatuor
1414 4462 1526 4534 laminis
1542 4463 1690 4542 rumpant,
1706 4465 1799 4546 prima
1815 4465 1898 4537 alba,
1915 4467 2038 4527 sensuda
2056 4469 2160 4547 grisea,

484 4567 567 4628 tertia
584 4567 666 4638 alba,
686 4575 784 4642 quarta
802 4563 914 4642 grisea,
943 4575 973 4623 et
989 4563 1048 4634 ‚luas
1073 4563 1190 4622 laminas
1207 4582 1268 4624 esse
1290 4563 1514 4624 continuationes
1536 4561 1704 4620 laminarum
1729 4561 1893 4620 lobulorum
1909 4564 2075 4637 optinorum.
2110 4567 2167 4626 Sed

480 4664 580 4726 dubito
599 4683 636 4724 au
652 4679 717 4724 vera
734 4660 822 4734 dieat,
840 4660 908 4739 quia
923 4658 1037 4719 aliunde
1053 4656 1165 4720 lobulos
1181 4661 1289 4738 opticus
1305 4678 1322 4720 e
1338 4657 1428 4718 tribus
1445 4669 1573 4718 constare
1591 4657 1700 4718 lerninis
1718 4657 1784 4716 dicit
1800 4658 1956 4729 Serres,
1973 4659 2056 4718 Anat
2070 4677 2163 4740 eoiup.

482 4760 523 4820 du
539 4758 682 4829 Cerveau,
710 4765 821 4822 tems.
