4988 6146
482 524 525 594 ,4
838 503 1116 578 caaout
1169 503 1444 579 ttaatttt
1500 497 1810 595 otetur,

487 695 642 770 thalrmia
659 707 843 762 uertat-um
862 690 1079 778 optioorum,
1101 685 1207 766 dum.
1227 687 1385 777 inopere
1403 683 1625 778 aparialilt)
1646 687 1692 758 de
1710 693 1826 764 nervia
1848 703 1884 762 et
1904 695 2068 775 orooro,
2087 691 2173 764 dielt

487 833 560 882 ...ο
578 805 709 896 ganglia
738 799 1110 889 hemisphaeriorum
1134 823 1237 893 aupra
1257 797 1348 866 itane
1366 819 1509 866 mattam
1536 795 1629 866 aliud
1662 802 1754 888 iacet
1782 800 1993 892 gauglioaum
2022 827 2171 894 corpur.

490 917 586 1014 quod
604 937 675 986 uon
695 909 802 980 anee
821 911 931 982 tuoto
955 913 1132 984 iuvenitur
1152 927 1187 978 et
1205 907 1298 1002 quod
1323 907 1459 978 Curua
1488 930 1566 978 oum
1586 907 1749 996 glandula
1773 915 1903 1003 piueali
1925 921 1985 1006 (r)
2017 913 2175 1005 (Ziabal)

488 1025 711 1118 comparavit.
1493 1095 1498 1106 ,

531 1139 644 1207 ldaaoa
663 1133 826 1208 teeuudr.
868 1137 959 1206 Cum
976 1135 1014 1202 iu
1033 1133 1141 1204 Etoue
1171 1131 1280 1200 Lucio
1313 1127 1423 1198 lobuli
1446 1131 1554 1222 optiei
1574 1129 1711 1202 maximi
1734 1151 1868 1219 eaaeut,
1889 1159 1995 1206 maara
2027 1136 2110 1203 haee
2136 1137 2173 1202 iu

491 1249 594 1319 Raris
612 1247 792 1316 dimidium
810 1245 883 1314 lere
901 1245 1008 1314 habet
1027 1240 1296 1331 magnitudinem
1317 1239 1450 1334 primae
1481 1261 1629 1326 martae,
1652 1241 1721 1311 aive
1743 1242 2114 1334 haemiaphaeriorum3
2139 1259 2175 1310 et

491 1359 576 1428 dam
600 1360 638 1425 iu
667 1357 778 1424 anoe
801 1379 820 1423 e
847 1355 997 1436 duobua,
1019 1351 1080 1420 hio
1105 1353 1144 1418 iu
1162 1351 1268 1418 Rauia
1297 1375 1339 1419 er
1369 1371 1439 1418 uuo
1469 1351 1784 1438 eouatat‚gauglio;
1809 1375 1927 1425 earum
1952 1373 2004 1426 eat
2032 1356 2174 1424 otiutua

492 1469 590 1537 adeat
603 1455 730 1558 ooipua
751 1465 1005 1551 glanduloaum,
1025 1461 1211 1532 eminentia
1229 1457 1427 1548 quaedam,
1448 1483 1467 1524 o
1489 1483 1557 1551 qua
1577 1459 1738 1528 radiatim
1754 1482 1881 1534 exeunt
1891 1465 1999 1536 librae
2019 1464 2063 1534 ad
2088 1489 2177 1534 oou·

492 1574 701 1646 adtuendam
728 1572 900 1643 lamellam
926 1573 1154 1645 ventriculum
1185 1569 1423 1640 claudentem
1456 1586 1601 1660 quatuor
1632 1588 1780 1662 corpora
1808 1574 1979 1664 gauglioaa
2008 1579 2047 1643 iu
2072 1575 2177 1644 liauia

492 1713 563 1759 uon
585 1685 722 1756 adeunt.

538 1799 650 1868 Mur·
668 1798 780 1866 tertia.
823 1797 937 1868 Etiam
951 1799 1064 1865 miuus
1079 1813 1132 1864 eat
1153 1793 1287 1864 evoluta
1302 1814 1405 1886 quam
1425 1794 1464 1860 iu
1481 1793 1591 1862 Erote
1616 1789 1749 1876 Luci03
1781 1789 1949 1860 formatur
1973 1792 2179 1880 marginibua

494 1907 681 1981 aeutrieuli
709 1909 826 2002 quarti
849 1931 922 1976 aeae
953 1903 1268 1994 conjungentibus,
1288 1919 1325 1972 et
1345 1904 1449 1992 igitur
1477 1899 1550 1971 iere
1582 1899 1696 1987 uihil,
1726 1893 1952 1972 uiai'lamella
1969 1903 2179 1971 aubatautiae

494 2019 692 2092 medtdlari'a
724 2017 840 2089 voeari
861 2017 965 2096 lieet,
988 2037 1093 2104 quam
1116 2015 1285 2100 margiuee
1314 2016 1491 2101 conjuncti
1518 2015 1631 2082 atatim
1656 2028 1736 2102 poet
1761 2009 1895 2084 lohuloa
1920 2015 2053 2104 optiuoa
2079 2001 2179 2082 oere-

493 2127 625 2200 ltellum
647 2129 883 2212 coustituuut3
906 2123 950 2192 ad
967 2126 1195 2216 posteriorem
1218 2139 1352 2212 partem
1377 2120 1472 2189 adeat
1489 2143 1635 2212 eorpua,
1658 2121 1794 2211 dequo
1819 2121 1952 2192 Carua
1973 2123 2059 2190 dioit
2084 2125 2180 2190 diffi-

495 2240 620 2310 uillime
651 2237 820 2325 judiciam
846 2237 931 2306 serri
953 2256 1076 2323 poree,
1103 2258 1147 2300 au
1180 2235 1226 2298 ait
1254 2255 1363 2300 marae
1389 2231 1543 2308 cerebri.
1573 2255 1618 2298 au
1648 2228 1769 2318 plaxua
1802 2229 1990 2300 chorioidei
2023 2231 2176 2324 apeeiea3
2291 2291 2300 2306 ,

496 2369 638 2444 quartus
663 2345 872 2418 ventriculus
906 2344 973 2412 hoe
1002 2360 1148 2436 corpore
1185 2339 1359 2410 clauditur
1389 2354 1425 2409 et
1450 2337 1572 2410 leviter
1605 2353 1738 2408 tautum
1778 2361 1857 2410 eum
1888 2339 2059 2412 cerebello
2088 2363 2180 2408 eou-

495 2467 653 2550 juratum
673 2475 735 2528 eet.

537 2573 642 2666 Quod
664 2567 708 2639 ad
737 2581 873 2662 perlem
903 2559 1105 2630 inffflfflm
1134 2557 1293 2628 ‘imbrii
1327 2559 1547 2653 Hypophytlt
1577 2561 1636 2630 hle
1657 2583 1675 2630 e
1699 2560 1834 2632 duabus
1865 2562 2021 2653 partibua
2050 2580 2182 2635 constat

499 2705 534 2754 et
556 2681 672 2752 adhue
690 2696 812 2761 magua
833 2687 906 2754 eat,
927 2672 1061 2740 ratione
1082 2665 1201 2736 habita
1221 2668 1370 2740 eerebri.

539 2789 695 2864 Medulla
712 2779 874 2878 Spiualia.
917 2779 961 2848 lta
982 2779 1089 2848 liauia
1119 2792 1155 2846 et
1174 2777 1430 2861 Salamaudria,
1459 2797 1499 2850 ut
1525 2781 1599 2852 iere
1625 2783 1663 2850 iu
1692 2783 1850 2850 omuibua
1877 2783 2091 2876 amphitrite,
2113 2809 2183 2854 me·

499 2900 594 2972 dalla
612 2895 776 2987 apiaalia,
799 2891 894 2982 quod
912 2887 957 2956 ad
975 2909 1139 2968 musam.
1162 2891 1346 2958 cerebrum
1366 2906 1529 2986 inperata
1551 2907 1623 2958 uon
1639 2913 1759 2960 revera
1777 2891 1873 2960 adeat
1891 2907 2004 2960 tautua
2021 2917 2181 2965 uumerus

495 3009 752 3088 renoba-urum,
774 2999 836 3070 aad
860 2997 1026 3069 diamant·
1046 3013 1227 3088 tantopere
1246 2997 1391 3070 adaucta
1415 3014 1489 3085 eat,
1511 3011 1641 3066 utnon
1657 2997 1800 3068 multum
1821 3026 1842 3068 a
1863 3001 2031 3072 diametro
2049 3005 2184 3075 cerebri

494 3119 644 3191 differat.
686 3114 735 3186 llt
753 3113 791 3183 iu
809 3111 919 3182 anee
935 3113 1067 3199 tuoto,
1088 3113 1127 3182 iu
1146 3109 1292 3182 aaudam
1310 3105 1491 3198 protendit
1511 3104 1663 3178 medulla
1689 3107 1830 3196 apiualia
1849 3111 2036 3184 liauarum.

540 3231 654 3302 Habet
666 3227 813 3298 sormam
835 3219 989 3314 rytiudn·
1004 3219 1206 3314 applauati.
1230 3219 1329 3304 auitae
1342 3213 1511 3284 diameter
1529 3215 1673 3285 iuferius
1695 3215 1899 3289 diminuitur
1922 3239 1962 3291 ut
1983 3225 2023 3292 iu
2047 3227 2183 3314 anoe;

496 3357 533 3412 et
557 3339 699 3410 demum
725 3337 764 3406 iu
792 3332 853 3404 iila
881 3331 1019 3404 deaiuit.
1060 3331 1104 3400 Iu
1124 3327 1202 3398 loeo
1232 3327 1295 3400 ubi
1322 3326 1429 3398 iortea
1451 3324 1548 3395 uerti
1577 3321 1745 3394 lumbalea
1778 3329 2004 3402 imertiouem
2032 3331 2184 3422 habeut,

499 3452 666 3520 diameter
686 3460 738 3516 eat
755 3441 941 3514 admodum
955 3440 1112 3510 adaucta.
1154 3437 1278 3512 Suleua
1306 3440 1409 3511 etiam
1439 3437 1537 3506 adeat
1561 3433 1717 3532 aap'erior
1736 3451 1773 3506 et
1797 3437 1964 3524 iuferior3
1989 3463 2024 3514 ot
2052 3447 2091 3515 in
2113 3463 2184 3516 tota

495 3555 651 3628 medulla
669 3552 794 3626 eaualia
815 3573 886 3621 aaae
899 3548 1081 3633 extrudit,
1102 3563 1142 3616 ut
1155 3548 1194 3618 iu
1212 3549 1321 3618 anoe
1341 3549 1472 3633 Lueio,
1493 3545 1555 3616 aed
1571 3545 1610 3614 iu
1624 3544 1731 3616 Rauia
1754 3546 1857 3636 magia
1873 3552 2052 3638 auperiora
2070 3580 2184 3629 varrus

497 3688 629 3758 propre
642 3660 872 3736 ventriculum
890 3675 1052 3752 quarum
1070 3674 1124 3732 eat
1144 3657 1316 3728 dilatatur·

538 3779 591 3848 De
611 3775 746 3848 Itonia.

543 3883 649 3976 Quod
677 3883 723 3951 ad
755 3905 878 3956 uettoe
908 3883 1129 3970 dstotorioa,
1160 3883 1250 3954 nihil
1280 3877 1576 3952 animadveraioue
1607 3877 1754 3970 dignum
1785 3881 1921 3954 habore
1954 3905 1998 3952 ea
2021 3887 2184 3955 auteriori

501 4013 601 4088 parte
622 4015 751 4066 mattae
770 3995 901 4084 primae
932 3995 1116 4080 oriuntur3
1152 3997 1410 4082 conjurguntur
1441 4008 1626 4080 autequam
1655 4013 1692 4060 ot
1724 3992 1957 4062 ethmoideum
1986 4009 2184 4079 traueauut,

503 4126 591 4198 quaa
611 4105 810 4190 eoujuuotio
830 4123 901 4170 uon
921 4103 960 4170 iu
980 4103 1088 4172 anoe
1110 4105 1217 4174 Lueio
1236 4103 1423 4174 iuvenitur.

545 4213 652 4284 Nerei
672 4210 781 4301 optiui
800 4234 821 4279 e
841 4233 949 4282 maara
976 4211 1130 4283 neruda
1156 4215 1343 4298 oriuntura
1378 4228 1613 4300 convergunt,
1641 4226 1678 4280 et
1698 4213 1738 4282 iu
1769 4214 1891 4286 eodem
1918 4213 1996 4287 loeo
2023 4239 2096 4286 aera
2126 4217 2186 4286 da-

507 4339 644 4394 euaaaut
662 4339 698 4390 et
719 4323 974 4390 uommiaauram
1006 4323 1162 4410 habeut,
1194 4323 1288 4416 quod
1318 4325 1356 4391 iu
1390 4323 1498 4392 Eeoee
1528 4325 1637 4394 Lueio
1658 4343 1729 4393 nou
1750 4325 1798 4392 ita
1819 4325 1985 4403 vidimus,
2008 4325 2092 4392 dum
2115 4349 2186 4394 aeae

501 4437 616 4531 primo
639 4437 858 4504 oummiaceut
877 4448 914 4500 et
940 4447 1023 4500 turo
1045 4437 1211 4508 erueiaut.

2104 4547 2190 4616 Ner·

541 4677 744 4758 (elimelt
760 4675 840 4738 aiaar
856 4677 1036 4758 lirratelloug
1052 4689 1107 4742 elo
1123 4701 1188 4763 pop
1203 4687 1262 4754 ted.

506 4773 845 4950 1..(ιέῃῗιιιιιιιηῖιιιιι,
865 4771 895 4832 iu
914 4770 1033 4838 Dinen.
1051 4775 1087 4838 da
1106 4777 1206 4838 auditu
1222 4775 1297 4840 Gadi
1314 4775 1480 4854 timeon,
1499 4777 1558 4856 iam
1574 4777 1663 4858 dluit',
1680 4781 1712 4848 lu
1729 4778 1853 4863 piau'bua
1868 4775 1977 4840 nullam
1994 4795 2054 4842 eut
2070 4779 2189 4860 alauda
