4992 6138
468 460 530 597 ιη
843 534 1121 604 ernost
1175 533 1449 604 rttttttrt
1506 537 1812 630 otnrtr,

528 708 673 778 Carus
701 700 839 782 massam
863 717 1012 807 primam
1036 717 1136 784 etiam
1160 717 1280 783 statuit
1302 715 1495 804 exprimere
1523 717 1798 809 hemisphaeria:
1822 747 1963 794 messam
1983 725 2170 796 secundam

488 824 728 890 connominat
748 845 892 914 corpore
912 830 1192 916 quadrigemina,
1225 824 1286 893 sed
1309 841 1440 891 tantum
1469 829 1600 915 ganglia
1630 857 1814 900 nervorum
1843 836 2062 925 optioorume
2096 863 2172 906 cor·

485 955 571 1021 pora
591 935 760 1022 gungliosa
776 955 889 1004 ortum
908 940 1106 1030 praebentia
1126 956 1160 1005 et
1183 935 1429 1027 respondentia
1455 934 1521 1003 illie
1551 942 1687 1024 nervis,
1711 959 1745 1008 et
1768 967 1887 1014 revera
1906 947 1974 1032 jem
2003 947 2168 1028 vidimus,

484 1067 606 1112 nervos
635 1045 765 1138 opticos
794 1071 837 1113 er
865 1047 958 1114 bisce
983 1050 1185 1140 corporibus
1207 1071 1274 1138 pro
1304 1048 1447 1136 maxima
1476 1064 1572 1136 parto
1606 1053 1807 1139 provenire,
1835 1055 1888 1125 vel
1911 1075 1952 1125 ut
1973 1059 2092 1127 melius
2111 1060 2169 1128 lo·-

484 1179 649 1245 quaurur,
669 1182 790 1225 nervos
810 1160 940 1250 opticos
954 1161 1161 1249 expansione
1173 1183 1238 1250 pro
1254 1160 1398 1226 maxima
1416 1176 1514 1243 parte
1532 1156 1616 1222 baec
1628 1161 1757 1249 ganglia
1769 1165 1931 1253 produci.
1965 1171 2166 1258 Argumen-

483 1283 516 1333 ta
536 1285 618 1333 sunt
641 1267 900 1358 plrilosopbicag
927 1287 1071 1336 conatur
1100 1272 1193 1336 euim
1216 1273 1365 1360 probare
1400 1292 1526 1358 organa
1550 1269 1637 1334 lueis
1664 1273 1703 1336 in
1732 1279 1935 1348 vertebratis
1962 1279 2164 1349 animalibus

480 1378 707 1445 maximeeese
725 1379 872 1446 evoluta.
917 1381 1024 1447 Porro
1044 1381 1201 1459 Carne,
1225 1379 1358 1462 ganglia
1379 1400 1469 1467 quae
1491 1377 1635 1443 interius
1657 1383 1898 1473 reperiuntur,
1920 1409 2041 1477 vocat,
2061 1393 2172 1481 prima

481 1489 625 1558 sormam
644 1489 930 1556 semicircularem
950 1488 1111 1556 babentia
1128 1510 1279 1574 corpore
1301 1489 1447 1554 interae
1464 1489 1658 1574 gargonsa
1685 1495 1896 1581 anecdota,
1919 1501 2071 1570 necunde
2088 1504 2166 1571 for-

479 1621 569 1666 mam
597 1613 744 1688 quatuor
761 1585 988 1687 'globulorum
1020 1599 1203 1682 babentia,
1238 1623 1392 1687 corporo
1430 1605 1575 1671 interno
1607 1605 1801 1692 ganglioso
1829 1613 2067 1694 posteriora:
2099 1637 2165 1683 nec

478 1707 760 1795 significationem
775 1708 931 1794 designat
951 1731 1016 1777 nec
1036 1726 1148 1802 parter
1174 1711 1416 1779 convenientes
1435 1711 1473 1778 in
1492 1714 1637 1781 cerebro
1655 1711 1810 1784 aliorum.

522 1821 736 1912 Camper,
758 1819 817 1911 qui
838 1819 940 1884 etiam
960 1817 1202 1886 determinavit
1226 1835 1338 1905 partes
1357 1823 1426 1906 jam
1450 1846 1543 1891 anuo
1564 1829 1673 1914 1761,
1694 1847 1839 1897 mesum
1852 1832 2039 1901 secundam
2060 1852 2158 1904 vocat

477 1929 750 2024 hemisphaeria3
785 1945 932 2020 quatuor
957 1926 1154 2008 tubercula,
1178 1951 1323 2016 corpora
1342 1931 1610 2020 quadrigemina.

519 2040 692 2130 Arsalty
716 2043 775 2128 (t)
793 2059 831 2105 ut
853 2040 1090 2108 Cuvierius
1111 2035 1218 2104 refert
1238 2058 1374 2130 patres,
1398 2041 1631 2111 denominavit
1647 2042 1770 2113 eodem
1786 2049 1890 2119 modo
1911 2077 1979 2145 quo
1997 2054 2163 2126 serres.

518 2149 591 2216 Hae
609 2165 690 2216 suut
712 2148 930 2218 diversorum
951 2165 1128 2216 auctorum
1146 2152 1344 2240 opiniones,
1367 2169 1402 2220 et
1423 2174 1630 2244 quamquam
1648 2177 1718 2222 nou
1738 2173 1865 2229 temere
1887 2163 2053 2248 judicium
2070 2166 2162 2234 lerre

474 2257 642 2342 audeam,
666 2276 779 2326 tamen
800 2283 937 2328 necesse
963 2261 1029 2328 erit
1049 2284 1155 2327 unum
1170 2264 1289 2352 nequir
1313 2277 1348 2330 et
1368 2265 1472 2350 igitur
1496 2265 1651 2332 Sernes
1672 2264 1758 2332 mibi
1785 2269 1925 2338 videtur
1953 2273 2161 2344 validissima

471 2373 670 2460 praebuisse
692 2385 909 2458 argumenta3
934 2371 1023 2437 basis
1046 2396 1114 2461 qua
1135 2371 1283 2456 nititur,
1305 2372 1391 2440 mihi
1408 2373 1546 2443 ridetur
1562 2395 1635 2442 esse
1650 2375 1751 2442 firma
1767 2391 1803 2445 et
1824 2383 1999 2451 erroribus
2024 2409 2160 2477 expers.

473 2485 672 2553 Secundum
692 2509 770 2554 enm
796 2484 901 2570 igitur
922 2504 1031 2549 massa
1061 2483 1171 2568 prima
1195 2497 1355 2546 constans
1376 2505 1394 2547 e
1418 2481 1555 2552 dnobus
1586 2486 1728 2579 paribus
1757 2489 1970 2578 gangliorum
1994 2499 2158 2590 exprimit

471 2593 746 2682 hemisphaeriae
772 2593 924 2680 primum
948 2613 1035 2678 par,
1067 2587 1201 2676 ganglia
1233 2589 1436 2670 olfactoria,
1469 2591 1659 2660 seeundum
1686 2619 1780 2688 per,
1808 2601 1884 2688 ipsa
1915 2601 2156 2695 hemispheria.

471 2707 619 2774 blasaam
639 2697 827 2772 secundnm
844 2697 995 2767 dicamur
1024 2697 1157 2768 lobuloa
1187 2701 1342 2790 opticus,
1374 2722 1520 2789 cot-pora
1542 2699 1820 2790 quadrigeminas
1849 2709 1983 2794 ganglia
2015 2717 2157 2804 quaein

472 2821 616 2888 cavitate
633 2817 878 2906 reperiuntur,
900 2813 1091 2880 secuudum
1115 2813 1269 2878 Carum
1288 2809 1420 2899 ganglia
1439 2813 1577 2880 interna
1597 2833 1767 2884 vocemus.
1810 2811 2010 2885 Secundum
2040 2843 2159 2890 omnes

472 2929 573 2998 tertia
592 2951 698 2996 messa
717 2925 926 2996 cerebellum
950 2921 1146 3009 significate
1176 2920 1221 2988 de
1246 2945 1286 2988 ea
1310 2943 1436 3011 nempe
1456 2939 1556 3012 parte
1578 2925 1672 2996 lraud
1694 2923 1926 2993 dubitandum
1954 2941 2028 3013 estg
2064 2930 2157 3015 jacet

467 3041 561 3108 euim
579 3039 694 3130 pontis
713 3036 868 3106 adinstar
886 3057 991 3122 supra
1006 3031 1111 3099 linem
1126 3029 1294 3100 medullae
1307 3031 1450 3123 spinalis
1470 3035 1540 3104 eive
1558 3033 1744 3106 medullam
1758 3031 1994 3122 oblougetamr
2019 3053 2116 3106 recte
2135 3066 2155 3110 a

471 3153 581 3218 Caro
611 3151 677 3239 (a)
705 3147 865 3239 gaugliou
902 3143 1032 3211 dicitur
1066 3139 1234 3208 medullae
1272 3139 1473 3232 oblongame
1492 3146 1622 3232 ;.dum
1647 3145 1760 3213 minue
1789 3161 1886 3215 reete
1914 3143 2155 3218 animadvertit

468 3283 615 3356 propter
638 3261 909 3350 magnitudinem
932 3279 1073 3326 massam
1091 3253 1225 3322 tertiam
1247 3253 1320 3322 lere
1347 3279 1418 3324 nou
1441 3257 1651 3327 cerebellum
1675 3254 1792 3327 noceri
1814 3275 1938 3348 possse
1967 3258 2158 3332 secundum

468 3375 556 3448 illud
577 3391 813 3462 argumentum
844 3370 937 3439 euim
959 3390 1065 3434 massa
1091 3368 1202 3455 prima
1231 3387 1409 3457 uunquam
1433 3365 1666 3458 hemispheria
1692 3363 1885 3462 exprimere
1902 3382 2043 3462 possete
2075 3373 2155 3442 eliu

468 3506 583 3578 partes
602 3489 673 3574 jam
694 3483 937 3569 denominavi,
967 3505 1046 3549 eum
1070 3478 1115 3547 de
1136 3478 1230 3546 hisce
1253 3475 1295 3544 lis
1312 3499 1385 3548 ease
1402 3499 1474 3546 non
1495 3476 1617 3569 poerit.

1174 3663 1238 3738 De
1272 3658 1456 3745 Nervis·

511 3868 577 3938 llic
595 3886 714 3932 rnreus
736 3865 804 3931 rite
828 3861 949 3932 divisio
971 3859 1104 3928 institui
1121 3874 1235 3952 potest
1258 3857 1296 3924 in
1315 3873 1438 3927 nervos
1460 3851 1619 3934 cerebri,
1653 3863 1776 3920 nervos
1792 3845 1961 3919 medullae
1985 3854 2133 3942 spinalis
2140 3907 2153 3941 ,

466 3999 502 4049 et
524 3993 668 4067 systema
687 3972 896 4060 gaugliorum
917 3975 986 4040 sive
1011 3993 1154 4037 nervum
1166 3967 1429 4060 sympatbioum·

373 4061 376 4074 ⁸
508 4087 622 4155 Primo
642 4082 745 4168 igitur
764 4079 946 4170 loquemur
969 4080 1013 4148 de
1039 4080 1153 4148 nervis
1179 4079 1315 4148 cerebri
1339 4077 1410 4144 aire
1434 4071 1479 4142 de
1499 4071 1561 4160 iia,
1583 4071 1645 4166 qui
1667 4072 1706 4141 in
1727 4098 1872 4148 messam
1893 4101 2069 4152 nervosam
2086 4087 2147 4156 ln.

464 4198 648 4268 sertiouem
668 4191 817 4275 babent,
841 4205 922 4256 ante
955 4189 1108 4258 foramen
1135 4189 1329 4281 occipitale.
1372 4185 1419 4254 Hi
1447 4183 1547 4254 nervi
1575 4181 1779 4256 dividuntor
1807 4192 1999 4262 secundnm
2028 4199 2143 4284 paria3

465 4310 546 4400 quia
573 4321 686 4373 antem
702 4300 919 4392 symmetrico
943 4300 1047 4366 modo
1066 4325 1108 4368 ex
1134 4319 1281 4395 utroque
1298 4299 1406 4370 latere
1432 4298 1614 4383 oriuntur,
1639 4312 1676 4367 et
1693 4297 1853 4374 eumdem
1876 4299 2061 4376 decumum
2078 4306 2148 4375 be-

463 4421 574 4496 bert,
597 4411 742 4482 sufficiet
765 4411 868 4478 unius
883 4407 1000 4478 lateris
1021 4408 1226 4504 descriptio·

2033 4527 2153 4599 rttts

499 4703 557 4782 (ι)
580 4701 737 4776 Cuvier,
754 4701 826 4762 nist
845 4701 911 4765 Nat.
928 4701 978 4761 dee
998 4699 1126 4762 Poiael.
1144 4720 1209 4780 pag.
1225 4709 1289 4778 4¹9·
1573 4759 1577 4768 ,

495 4805 551 4883 (ο)
572 4801 712 4873 Carus,
736 4795 867 4863 terreat
887 4795 966 4858 einer
982 4795 1165 4873 Darttelluug
1185 4799 1235 4858 des
1253 4801 1502 4874 llereeueysteme,
1521 4813 1585 4876 pag.
1608 4797 1673 4873 1³3,
